<?xml version="1.0" encoding="UTF-8"?><OAI-PMH xsi:schemaLocation="http://www.openarchives.org/OAI/2.0/ http://www.openarchives.org/OAI/2.0/OAI-PMH.xsd" xmlns="http://www.openarchives.org/OAI/2.0/" xmlns:xsi="http://www.w3.org/2001/XMLSchema-instance">
  <responseDate>2016-06-01T07:57:34Z</responseDate>
  <request verb="ListRecords" metadataPrefix="marc21" set="TESTING_DIGI_TEST">https://thisisallfake.example.com/view/oai/41BIG_INST/request</request>
<ListRecords><record><header><identifier>oai:urm_publish:9925821506101791</identifier><datestamp>2016-05-02T08:06:51Z</datestamp><setSpec>TESTING_DIGI_TEST</setSpec><setSpec>TESTING_DIGI</setSpec></header><metadata xmlns:xsi="http://www.w3.org/2001/XMLSchema-instance">
<record xmlns="http://www.loc.gov/MARC21/slim" xmlns:xsi="http://www.w3.org/2001/XMLSchema-instance" xsi:schemaLocation="http://www.loc.gov/MARC21/slim http://www.loc.gov/standards/marcxml/schema/MARC21slim.xsd" ><leader>00888nmm a2200229 a 4500</leader><controlfield tag="005">20150723134008.0</controlfield><controlfield tag="008">131110r20151752sz a|||  |||| 001 0 ger d</controlfield><controlfield tag="001">9925821506101791</controlfield><datafield tag="035" ind1=" " ind2=" "><subfield code="a">bv9925821506101791</subfield></datafield><datafield tag="040" ind1=" " ind2=" "><subfield code="a">BiG</subfield><subfield code="c">BiG</subfield></datafield><datafield tag="041" ind1="1" ind2=" "><subfield code="a">ger</subfield><subfield code="h">fre</subfield></datafield><datafield tag="100" ind1="1" ind2=" "><subfield code="a">Loen, Johann Michael von.</subfield></datafield><datafield tag="245" ind1="1" ind2="4"><subfield code="a">Der Soldat, oder, Abhandlung vom Kriegs-Stand</subfield><subfield code="h">[Elektronische Ressource] /</subfield><subfield code="c">aus dem Französischen des Herrn von Loen</subfield></datafield><datafield tag="246" ind1="3" ind2=" "><subfield code="a">Soldat, oder, Abhandlung vom Kriegsstand</subfield><subfield code="h">[Elektronische Ressource]</subfield></datafield><datafield tag="250" ind1=" " ind2=" "><subfield code="a">Neue verb. und vermehrter Aufl.</subfield></datafield><datafield tag="260" ind1=" " ind2=" "><subfield code="a">[Bern] :</subfield><subfield code="b">[Bibliothek am Guisanplatz (BiG)],</subfield><subfield code="c">[2015]</subfield></datafield><datafield tag="500" ind1=" " ind2=" "><subfield code="a">Titel von Digitalisat</subfield></datafield><datafield tag="500" ind1=" " ind2=" "><subfield code="a">Register</subfield></datafield><datafield tag="516" ind1=" " ind2=" "><subfield code="a">PDF</subfield></datafield><datafield tag="534" ind1=" " ind2=" "><subfield code="p">Elektron. Reprod. der Ausg. von:</subfield><subfield code="c">Frankfurt etc. : Fleischer, 1752. -</subfield><subfield code="e">[5] Bl., 460 S., [13] Bl. : Ill. ; 18 cm</subfield></datafield><datafield tag="650" ind1=" " ind2="7"><subfield code="a">Kriegswissenschaften</subfield><subfield code="2">[midonas]</subfield></datafield><datafield tag="909" ind1=" " ind2=" "><subfield code="a">EOD</subfield><subfield code="2">BIG</subfield><subfield code="6">DIGI</subfield></datafield><datafield tag="AVD" ind1="0" ind2=" "><subfield code="b">12335179980001791</subfield><subfield code="g">41BIG</subfield><subfield code="d">https://thisisallfake.example.com/view/delivery/thumbnail/41BIG_INST/12335179980001791</subfield><subfield code="e">Der Soldat, oder, Abhandlung vom Kriegs-Stand aus dem Französischen des Herrn von Loen</subfield><subfield code="c">https://thisisallfake.example.com/delivery/DeliveryManagerServlet?dps_pid=12335179980001791</subfield><subfield code="s">1 file/s (pdf)</subfield></datafield></record>
</metadata></record>