<record><header><identifier>oai:urm_publish:9925822181501791</identifier><datestamp>2016-05-02T08:06:51Z</datestamp><setSpec>TESTING_DIGI_TEST</setSpec><setSpec>TESTING_DIGI</setSpec></header><metadata xmlns:xsi="http://www.w3.org/2001/XMLSchema-instance">
<record xmlns="http://www.loc.gov/MARC21/slim" xmlns:xsi="http://www.w3.org/2001/XMLSchema-instance" xsi:schemaLocation="http://www.loc.gov/MARC21/slim http://www.loc.gov/standards/marcxml/schema/MARC21slim.xsd" ><leader>00786nam a2200181 a 4500</leader><controlfield tag="005">20150723134008.0</controlfield><controlfield tag="006">m      </controlfield><controlfield tag="008">140526r20151771sz a||| s|||| 000 0 fre d</controlfield><controlfield tag="001">9925822181501791</controlfield><datafield tag="035" ind1=" " ind2=" "><subfield code="a">bv9925822181501791</subfield></datafield><datafield tag="040" ind1=" " ind2=" "><subfield code="a">BiG</subfield><subfield code="c">BiG</subfield></datafield><datafield tag="100" ind1="1" ind2=" "><subfield code="a">La Croix, Jean-François de.</subfield></datafield><datafield tag="245" ind1="1" ind2="0"><subfield code="a">Dictionnaire historique des sièges et batailles mémorables de l'histoire ancienne et moderne, ou, Anecdotes militaires de tous les peuples du monde</subfield><subfield code="h">[Ressource électronique] /</subfield><subfield code="c">[Jean-François de La Croix]</subfield></datafield><datafield tag="260" ind1=" " ind2=" "><subfield code="a">[Berne] :</subfield><subfield code="b">[Bibliothèque Am Guisanplatz (BiG)],</subfield><subfield code="c">[2015]</subfield></datafield><datafield tag="500" ind1=" " ind2=" "><subfield code="a">Titre de la numérisation</subfield></datafield><datafield tag="516" ind1=" " ind2=" "><subfield code="a">PDF</subfield></datafield><datafield tag="534" ind1=" " ind2=" "><subfield code="p">Reprod. électronique de l’éd. de:</subfield><subfield code="c">Paris : Vincent, 1771. -</subfield><subfield code="e">3 vol. (XXXII, 670; 702; 352 p.) : ill. ; 18 cm</subfield></datafield><datafield tag="909" ind1=" " ind2=" "><subfield code="a">EOD</subfield><subfield code="2">BIG</subfield><subfield code="6">DIGI</subfield></datafield><datafield tag="AVD" ind1="0" ind2=" "><subfield code="b">12335119220001791</subfield><subfield code="g">41BIG</subfield><subfield code="d">https://thisisallfake.example.com/view/delivery/thumbnail/41BIG_INST/12335119220001791</subfield><subfield code="e">Dictionnaire historique des sièges et batailles mémorables de l'histoire ancienne et moderne, ou, Anecdotes militaires de tous les peuples du monde</subfield><subfield code="c">https://thisisallfake.example.com/delivery/DeliveryManagerServlet?dps_pid=12335119220001791</subfield><subfield code="s">3 file/s (pdf)</subfield></datafield></record>
</metadata></record>