<record><header><identifier>oai:urm_publish:9925823604401791</identifier><datestamp>2016-05-02T08:06:51Z</datestamp><setSpec>TESTING_DIGI_TEST</setSpec><setSpec>TESTING_DIGI</setSpec></header><metadata xmlns:xsi="http://www.w3.org/2001/XMLSchema-instance">
<record xmlns="http://www.loc.gov/MARC21/slim" xmlns:xsi="http://www.w3.org/2001/XMLSchema-instance" xsi:schemaLocation="http://www.loc.gov/MARC21/slim http://www.loc.gov/standards/marcxml/schema/MARC21slim.xsd" ><leader>00843nam a2200181 a 4500</leader><controlfield tag="005">20150723134009.0</controlfield><controlfield tag="008">131110r20151756sz |||| s|||| 000 0 fre d</controlfield><controlfield tag="001">9925823604401791</controlfield><datafield tag="035" ind1=" " ind2=" "><subfield code="a">bv9925823604401791</subfield></datafield><datafield tag="040" ind1=" " ind2=" "><subfield code="a">BiG</subfield><subfield code="c">BiG</subfield></datafield><datafield tag="100" ind1="1" ind2=" "><subfield code="a">Sionville, Prosper de</subfield></datafield><datafield tag="245" ind1="1" ind2="0"><subfield code="a">Oeuvres militaires dédiées a Son Altesse Monseigneur le Prince de Bouillon, fils de son Alt. Sér. Mgr. le Prince de Turenne</subfield><subfield code="h">[Ressource électronique] /</subfield><subfield code="c">par de Sionville</subfield></datafield><datafield tag="246" ind1="1" ind2=" "><subfield code="i">Le titre du t. 1 porte:</subfield><subfield code="a">Oevures militaires [sic!]</subfield><subfield code="h">[Ressource électronique]</subfield></datafield><datafield tag="260" ind1=" " ind2=" "><subfield code="a">[Berne] :</subfield><subfield code="b">[Bibliothèque Am Guisanplatz],</subfield><subfield code="c">[2015]</subfield></datafield><datafield tag="500" ind1=" " ind2=" "><subfield code="a">Titre de la numérisation</subfield></datafield><datafield tag="516" ind1=" " ind2=" "><subfield code="a">PDF</subfield></datafield><datafield tag="534" ind1=" " ind2=" "><subfield code="p">Reprod. électronique de l’éd. de:</subfield><subfield code="c">Charleville : Pierre Thesin, 1756. -</subfield><subfield code="e">4 vol. (XXIX,285; XII, 304; IX, 262; VIII, 300 p.) : ill. ; 18 cm</subfield></datafield><datafield tag="909" ind1=" " ind2=" "><subfield code="a">EOD</subfield><subfield code="2">BIG</subfield><subfield code="6">DIGI</subfield></datafield><datafield tag="AVD" ind1="0" ind2=" "><subfield code="b">12336408240001791</subfield><subfield code="g">41BIG</subfield><subfield code="d">https://thisisallfake.example.com/view/delivery/thumbnail/41BIG_INST/12336408240001791</subfield><subfield code="e">Oeuvres militaires dédiées a Son Altesse Monseigneur le Prince de Bouillon, fils de son Alt. Sér. Mgr. le Prince de Turenne par de Sionville_Bd 1</subfield><subfield code="c">https://thisisallfake.example.com/delivery/DeliveryManagerServlet?dps_pid=12336408240001791</subfield><subfield code="s">4 file/s (pdf)</subfield></datafield></record>
</metadata></record>