<record><header><identifier>oai:urm_publish:9925823991701791</identifier><datestamp>2016-05-02T08:06:51Z</datestamp><setSpec>TESTING_DIGI_TEST</setSpec><setSpec>TESTING_DIGI</setSpec></header><metadata xmlns:xsi="http://www.w3.org/2001/XMLSchema-instance">
<record xmlns="http://www.loc.gov/MARC21/slim" xmlns:xsi="http://www.w3.org/2001/XMLSchema-instance" xsi:schemaLocation="http://www.loc.gov/MARC21/slim http://www.loc.gov/standards/marcxml/schema/MARC21slim.xsd" ><leader>00944nam a2200229 a 4500</leader><controlfield tag="005">20160314160413.0</controlfield><controlfield tag="008">131110r20151857sz |||| s||||f000 0 ger d</controlfield><controlfield tag="001">9925823991701791</controlfield><datafield tag="035" ind1=" " ind2=" "><subfield code="a">bv9925823991701791</subfield></datafield><datafield tag="040" ind1=" " ind2=" "><subfield code="a">BiG</subfield><subfield code="c">BiG</subfield></datafield><datafield tag="245" ind1="0" ind2="0"><subfield code="a">Exerzirreglement für die eidgenössische Infanterie</subfield><subfield code="h">[Elektronische Ressource] :</subfield><subfield code="b">Anleitung für den leichten Dienst /</subfield><subfield code="c">Schweizer Armee</subfield></datafield><datafield tag="246" ind1="3" ind2="0"><subfield code="a">Anleitung für den leichten Dienst</subfield><subfield code="h">[Elektronische Ressource]</subfield></datafield><datafield tag="260" ind1=" " ind2=" "><subfield code="a">[Bern] :</subfield><subfield code="b">[Bibliothek am Guisanplatz],</subfield><subfield code="c">[2015]</subfield></datafield><datafield tag="500" ind1=" " ind2=" "><subfield code="a">Titel von Digitalisat</subfield></datafield><datafield tag="500" ind1=" " ind2=" "><subfield code="a">Nach Beschluss der Schweiz. Bundesversammlung vom 26. Heumonat 1856</subfield></datafield><datafield tag="516" ind1=" " ind2=" "><subfield code="a">PDF</subfield></datafield><datafield tag="534" ind1=" " ind2=" "><subfield code="p">Elektron. Reprod. der Ausg. von:</subfield><subfield code="c">Bern : EMD, 1857. -</subfield><subfield code="e">58 S., [2] Bl. Fig 1-5 : Ill. ; 15 cm</subfield></datafield><datafield tag="650" ind1=" " ind2="7"><subfield code="a">Reglement</subfield><subfield code="2">[midonas]</subfield></datafield><datafield tag="650" ind1=" " ind2="7"><subfield code="a">Infanterie-Ausbildung</subfield><subfield code="2">[midonas]</subfield></datafield><datafield tag="710" ind1="1" ind2=" "><subfield code="a">Schweiz.</subfield><subfield code="b">Schweizer Armee</subfield></datafield><datafield tag="909" ind1=" " ind2=" "><subfield code="a">EOD</subfield><subfield code="2">BIG</subfield><subfield code="6">DIGI</subfield></datafield><datafield tag="999" ind1=" " ind2=" "><subfield code="a">kat05reg</subfield></datafield><datafield tag="AVD" ind1="0" ind2=" "><subfield code="b">12336669320001791</subfield><subfield code="g">41BIG</subfield><subfield code="d">https://thisisallfake.example.com/view/delivery/thumbnail/41BIG_INST/12336669320001791</subfield><subfield code="e"> Exerzirreglement für die eidgenössische Infanterie Anleitung für den leichten Dienst</subfield><subfield code="c">https://thisisallfake.example.com/delivery/DeliveryManagerServlet?dps_pid=12336669320001791</subfield><subfield code="s">1 file/s (pdf)</subfield></datafield></record>
</metadata></record>