<record><header><identifier>oai:urm_publish:9925824182701791</identifier><datestamp>2016-05-02T08:06:51Z</datestamp><setSpec>TESTING_DIGI_TEST</setSpec><setSpec>TESTING_DIGI</setSpec></header><metadata xmlns:xsi="http://www.w3.org/2001/XMLSchema-instance">
<record xmlns="http://www.loc.gov/MARC21/slim" xmlns:xsi="http://www.w3.org/2001/XMLSchema-instance" xsi:schemaLocation="http://www.loc.gov/MARC21/slim http://www.loc.gov/standards/marcxml/schema/MARC21slim.xsd" ><leader>01076nam a2200253 a 4500</leader><controlfield tag="005">20150723134011.0</controlfield><controlfield tag="008">150311r20151767sz |||| s|||| 001 0 lat d</controlfield><controlfield tag="001">9925824182701791</controlfield><datafield tag="035" ind1=" " ind2=" "><subfield code="a">bv9925824182701791</subfield></datafield><datafield tag="040" ind1=" " ind2=" "><subfield code="a">BiG</subfield><subfield code="c">BiG</subfield></datafield><datafield tag="041" ind1="1" ind2=" "><subfield code="a">lat</subfield><subfield code="a">fre</subfield><subfield code="h">lat</subfield></datafield><datafield tag="100" ind1="1" ind2=" "><subfield code="a">Vegetius Renatus, Flavius.</subfield></datafield><datafield tag="245" ind1="1" ind2="0"><subfield code="a">Flavii Vegetii Renati De re militari libri quinque</subfield><subfield code="h">[Ressource électronique] /</subfield><subfield code="c">cum selectis notis Godeschalci Stevvechii et Petri Scriverii ; addita versione Gallica cura Nicolai Schwebelii</subfield></datafield><datafield tag="246" ind1="3" ind2="0"><subfield code="a">De re militari</subfield><subfield code="h">[Ressource électronique]</subfield></datafield><datafield tag="260" ind1=" " ind2=" "><subfield code="a">[Berne] :</subfield><subfield code="b">[Bibliothèque Am Guisanplatz],</subfield><subfield code="c">[2015]</subfield></datafield><datafield tag="500" ind1=" " ind2=" "><subfield code="a">Titre de la numérisation</subfield></datafield><datafield tag="501" ind1=" " ind2=" "><subfield code="a">Contient aussi: Institutions militaires</subfield></datafield><datafield tag="516" ind1=" " ind2=" "><subfield code="a">PDF</subfield></datafield><datafield tag="534" ind1=" " ind2=" "><subfield code="p">Reprod. électronique de l'éd. de:</subfield><subfield code="c">Norimbergae : apud G.N. Raspe, 1767. -</subfield><subfield code="e">176, 90 p. : ill. ; 25 cm</subfield></datafield><datafield tag="700" ind1="1" ind2=" "><subfield code="a">Schwebel, Nicolaus.</subfield></datafield><datafield tag="700" ind1="1" ind2=" "><subfield code="a">Stewechius, Godescalcus.</subfield></datafield><datafield tag="700" ind1="1" ind2=" "><subfield code="a">Schrijver, Pieter.</subfield></datafield><datafield tag="700" ind1="1" ind2=" "><subfield code="a">Vegetius Renatus, Flavius. -</subfield><subfield code="t">Institutions militaires</subfield><subfield code="h">[Ressource électronique]</subfield></datafield><datafield tag="909" ind1=" " ind2=" "><subfield code="a">EOD</subfield><subfield code="2">BIG</subfield><subfield code="6">DIGI</subfield></datafield><datafield tag="AVD" ind1="0" ind2=" "><subfield code="b">12336669280001791</subfield><subfield code="g">41BIG</subfield><subfield code="d">https://thisisallfake.example.com/view/delivery/thumbnail/41BIG_INST/12336669280001791</subfield><subfield code="e">Flavii Vegetii Renati De re militari libri quinque cum selectis notis Godeschalci Stevvechii et Petri Scriverii</subfield><subfield code="c">https://thisisallfake.example.com/delivery/DeliveryManagerServlet?dps_pid=12336669280001791</subfield><subfield code="s">1 file/s (pdf)</subfield></datafield></record>
</metadata></record>