<record><header><identifier>oai:urm_publish:9925824184701791</identifier><datestamp>2016-05-02T08:06:51Z</datestamp><setSpec>TESTING_DIGI_TEST</setSpec><setSpec>TESTING_DIGI</setSpec></header><metadata xmlns:xsi="http://www.w3.org/2001/XMLSchema-instance">
<record xmlns="http://www.loc.gov/MARC21/slim" xmlns:xsi="http://www.w3.org/2001/XMLSchema-instance" xsi:schemaLocation="http://www.loc.gov/MARC21/slim http://www.loc.gov/standards/marcxml/schema/MARC21slim.xsd" ><leader>00926nam a2200241 a 4500</leader><controlfield tag="005">20150723134012.0</controlfield><controlfield tag="008">131110r20151912sz |||| s|||| 000 0 ger d</controlfield><controlfield tag="001">9925824184701791</controlfield><datafield tag="035" ind1=" " ind2=" "><subfield code="a">bv9925824184701791</subfield></datafield><datafield tag="040" ind1=" " ind2=" "><subfield code="a">BiG</subfield><subfield code="c">BiG</subfield></datafield><datafield tag="100" ind1="1" ind2=" "><subfield code="a">Mayerhoffer von Vedropolje, Eberhard</subfield></datafield><datafield tag="245" ind1="1" ind2="4"><subfield code="a">Die Schlacht bei Austerlitz am 2. Dezember 1805</subfield><subfield code="h">[Elektronische Ressource] :</subfield><subfield code="b">Behelf zur Begehung des Schlachtfeldes /</subfield><subfield code="c">von Eberhard Mayerhoffer von Vedropolje</subfield></datafield><datafield tag="260" ind1=" " ind2=" "><subfield code="a">[Bern] :</subfield><subfield code="b">[Bibliothek am Guisanplatz],</subfield><subfield code="c">[2015]</subfield></datafield><datafield tag="500" ind1=" " ind2=" "><subfield code="a">Titel von Digitalisat</subfield></datafield><datafield tag="516" ind1=" " ind2=" "><subfield code="a">PDF</subfield></datafield><datafield tag="534" ind1=" " ind2=" "><subfield code="p">Elektron. Reprod. der Ausg. von:</subfield><subfield code="c">Wien : L.W. Seidel &amp; Sohn, 1912. -</subfield><subfield code="e">58 S. ; 23 cm + 3 Skizzen</subfield></datafield><datafield tag="650" ind1=" " ind2="7"><subfield code="a">Kriegsgeschichte</subfield><subfield code="2">[midonas]</subfield></datafield><datafield tag="650" ind1=" " ind2="7"><subfield code="a">Frankreich-Geschichte</subfield><subfield code="2">[midonas]</subfield></datafield><datafield tag="650" ind1=" " ind2="7"><subfield code="a">Schlacht</subfield><subfield code="2">[midonas]</subfield></datafield><datafield tag="650" ind1=" " ind2="7"><subfield code="a">Napoleonische Kriege</subfield><subfield code="2">[midonas]</subfield></datafield><datafield tag="650" ind1=" " ind2="7"><subfield code="a">Austerlitz</subfield><subfield code="2">[midonas]</subfield></datafield><datafield tag="909" ind1=" " ind2=" "><subfield code="a">EOD</subfield><subfield code="2">BIG</subfield><subfield code="6">DIGI</subfield></datafield><datafield tag="945" ind1=" " ind2=" "><subfield code="a">1805</subfield></datafield><datafield tag="AVD" ind1="0" ind2=" "><subfield code="b">12336629490001791</subfield><subfield code="g">41BIG</subfield><subfield code="d">https://thisisallfake.example.com/view/delivery/thumbnail/41BIG_INST/12336629490001791</subfield><subfield code="e">Die Schlacht bei Austerlitz am 2. Dezember 1805 Behelf zur Begehung des Schlachtfeldes</subfield><subfield code="c">https://thisisallfake.example.com/delivery/DeliveryManagerServlet?dps_pid=12336629490001791</subfield><subfield code="s">1 file/s (pdf)</subfield></datafield></record>
</metadata></record>