<record><header><identifier>oai:urm_publish:9925824504801791</identifier><datestamp>2016-05-02T08:06:51Z</datestamp><setSpec>TESTING_DIGI_TEST</setSpec><setSpec>TESTING_DIGI</setSpec></header><metadata xmlns:xsi="http://www.w3.org/2001/XMLSchema-instance">
<record xmlns="http://www.loc.gov/MARC21/slim" xmlns:xsi="http://www.w3.org/2001/XMLSchema-instance" xsi:schemaLocation="http://www.loc.gov/MARC21/slim http://www.loc.gov/standards/marcxml/schema/MARC21slim.xsd" ><leader>01307nam a2200253 a 4500</leader><controlfield tag="005">20150723133924.0</controlfield><controlfield tag="008">131110r20151787sz |||| s|||| 000 0 ger d</controlfield><controlfield tag="001">9925824504801791</controlfield><datafield tag="035" ind1=" " ind2=" "><subfield code="a">bv9925824504801791</subfield></datafield><datafield tag="040" ind1=" " ind2=" "><subfield code="a">BiG</subfield><subfield code="c">BiG</subfield></datafield><datafield tag="100" ind1="1" ind2=" "><subfield code="a">Scharnhorst, Gerhard Johann David von.</subfield></datafield><datafield tag="245" ind1="1" ind2="0"><subfield code="a">Handbuch für Officiere in den anwendbaren Theilen der Krieges-Wissenschaften</subfield><subfield code="h">[Elektronische Ressource] /</subfield><subfield code="c">von G. Scharnhorst</subfield></datafield><datafield tag="246" ind1="3" ind2=" "><subfield code="a">Handbuch für Offiziere in den anwendbaren Teilen der Kriegswissenschaften</subfield><subfield code="h">[Elektronische Ressource]</subfield></datafield><datafield tag="260" ind1=" " ind2=" "><subfield code="a">[Bern] :</subfield><subfield code="b">[Bibliothek am Guisanplatz],</subfield><subfield code="c">[2015]</subfield></datafield><datafield tag="500" ind1=" " ind2=" "><subfield code="a">Titel von Digitalisat</subfield></datafield><datafield tag="505" ind1="0" ind2=" "><subfield code="a">Theil 1: Von der Artillerie ... - 1787. - XIV, 4, VIII, 346 S.</subfield></datafield><datafield tag="505" ind1="0" ind2=" "><subfield code="a">Theil 2: Die Verschanzungskunst ... - 1788. - XVI, 448 S.</subfield></datafield><datafield tag="505" ind1="0" ind2=" "><subfield code="a">Theil 3: Von der Tactik ... - 1790. - VI, 349 S.</subfield></datafield><datafield tag="516" ind1=" " ind2=" "><subfield code="a">PDF</subfield></datafield><datafield tag="534" ind1=" " ind2=" "><subfield code="p">Elektron. Reprod. der Ausg. von:</subfield><subfield code="c">Hannover : Helwing, 1787-1790. -</subfield><subfield code="e">3 Bd. : Ill. ; 21 cm</subfield></datafield><datafield tag="700" ind1="1" ind2=" "><subfield code="a">Scharnhorst, Gerhard Johann David von. -</subfield><subfield code="t">Von der Artillerie</subfield><subfield code="h">[Elektronische Ressource]</subfield></datafield><datafield tag="700" ind1="1" ind2=" "><subfield code="a">Scharnhorst, Gerhard Johann David von. -</subfield><subfield code="t">Verschanzungskunst</subfield><subfield code="h">[Elektronische Ressource]</subfield></datafield><datafield tag="700" ind1="1" ind2=" "><subfield code="a">Scharnhorst, Gerhard Johann David von. -</subfield><subfield code="t">Von der Tactik</subfield><subfield code="h">[Elektronische Ressource]</subfield></datafield><datafield tag="909" ind1=" " ind2=" "><subfield code="a">EOD</subfield><subfield code="2">BIG</subfield><subfield code="6">DIGI</subfield></datafield><datafield tag="AVD" ind1="0" ind2=" "><subfield code="b">12336669230001791</subfield><subfield code="g">41BIG</subfield><subfield code="d">https://thisisallfake.example.com/view/delivery/thumbnail/41BIG_INST/12336669230001791</subfield><subfield code="e">Handbuch für Officiere in den anwendbaren Theilen der Krieges-Wissenschaften</subfield><subfield code="c">https://thisisallfake.example.com/delivery/DeliveryManagerServlet?dps_pid=12336669230001791</subfield><subfield code="s">3 file/s (pdf)</subfield></datafield></record>
</metadata></record>