<record><header><identifier>oai:urm_publish:9925824505101791</identifier><datestamp>2016-05-02T08:06:51Z</datestamp><setSpec>TESTING_DIGI_TEST</setSpec><setSpec>TESTING_DIGI</setSpec></header><metadata xmlns:xsi="http://www.w3.org/2001/XMLSchema-instance">
<record xmlns="http://www.loc.gov/MARC21/slim" xmlns:xsi="http://www.w3.org/2001/XMLSchema-instance" xsi:schemaLocation="http://www.loc.gov/MARC21/slim http://www.loc.gov/standards/marcxml/schema/MARC21slim.xsd" ><leader>00877nam a2200205 a 4500</leader><controlfield tag="005">20150723133925.0</controlfield><controlfield tag="008">150311r20151783sz |||| s|||| 000 0 ger d</controlfield><controlfield tag="001">9925824505101791</controlfield><datafield tag="035" ind1=" " ind2=" "><subfield code="a">bv9925824505101791</subfield></datafield><datafield tag="040" ind1=" " ind2=" "><subfield code="a">BiG</subfield><subfield code="c">BiG</subfield></datafield><datafield tag="041" ind1="1" ind2=" "><subfield code="a">ger</subfield><subfield code="h">eng</subfield></datafield><datafield tag="100" ind1="1" ind2=" "><subfield code="a">Lloyd, Henry</subfield></datafield><datafield tag="245" ind1="1" ind2="4"><subfield code="a">Des Herrn General von Lloyd's Abhandlung über die allgemeinen Grundsätze der Kriegskunst</subfield><subfield code="h">[Elektronische Ressource] /</subfield><subfield code="c">aus dem Engl. [von Hermann Flensberg]</subfield></datafield><datafield tag="246" ind1="3" ind2="0"><subfield code="a">Abhandlung über die allgemeinen Grundsätze der Kriegskunst</subfield><subfield code="h">[Elektronische Ressource]</subfield></datafield><datafield tag="260" ind1=" " ind2=" "><subfield code="a">[Bern] :</subfield><subfield code="b">[Bibliothek am Guisanplatz],</subfield><subfield code="c">[2015]</subfield></datafield><datafield tag="500" ind1=" " ind2=" "><subfield code="a">Titel von Digitalisat</subfield></datafield><datafield tag="516" ind1=" " ind2=" "><subfield code="a">PDF</subfield></datafield><datafield tag="534" ind1=" " ind2=" "><subfield code="p">Elektron. Reprod. der Ausg. von:</subfield><subfield code="c">Frankfurt etc. : Philipp Heinrich Perrenon, 1783. -</subfield><subfield code="e">XII, XXII, 159 S., [7] Bl. Falttaf. ;  25 cm</subfield></datafield><datafield tag="700" ind1="1" ind2=" "><subfield code="a">Flensberg, Hermann</subfield></datafield><datafield tag="909" ind1=" " ind2=" "><subfield code="a">EOD</subfield><subfield code="2">BIG</subfield><subfield code="6">DIGI</subfield></datafield><datafield tag="AVD" ind1="0" ind2=" "><subfield code="b">12336629470001791</subfield><subfield code="g">41BIG</subfield><subfield code="d">https://thisisallfake.example.com/view/delivery/thumbnail/41BIG_INST/12336629470001791</subfield><subfield code="e">Des Herrn General von Lloyd's Abhandlung über die allgemeinen Grundsätze der Kriegskunst aus dem Eng</subfield><subfield code="c">https://thisisallfake.example.com/delivery/DeliveryManagerServlet?dps_pid=12336629470001791</subfield><subfield code="s">1 file/s (pdf)</subfield></datafield></record>
</metadata></record>