<record><header><identifier>oai:urm_publish:9925825197501791</identifier><datestamp>2016-05-02T08:06:51Z</datestamp><setSpec>TESTING_DIGI_TEST</setSpec><setSpec>TESTING_DIGI</setSpec></header><metadata xmlns:xsi="http://www.w3.org/2001/XMLSchema-instance">
<record xmlns="http://www.loc.gov/MARC21/slim" xmlns:xsi="http://www.w3.org/2001/XMLSchema-instance" xsi:schemaLocation="http://www.loc.gov/MARC21/slim http://www.loc.gov/standards/marcxml/schema/MARC21slim.xsd" ><leader>01330nam a2200241 a 4500</leader><controlfield tag="005">20150723133925.0</controlfield><controlfield tag="008">131110r20151790sz |||| s|||| 000 0 ger d</controlfield><controlfield tag="001">9925825197501791</controlfield><datafield tag="035" ind1=" " ind2=" "><subfield code="a">bv9925825197501791</subfield></datafield><datafield tag="040" ind1=" " ind2=" "><subfield code="a">BiG</subfield><subfield code="c">BiG</subfield></datafield><datafield tag="100" ind1="1" ind2=" "><subfield code="a">Krünitz, J. G.</subfield><subfield code="q">(Johann Georg)</subfield></datafield><datafield tag="245" ind1="1" ind2="0"><subfield code="a">Oekonomisch-technologische Encyklopädie, oder, Allgemeines System der Stats-, Stadt-, Haus- und Land-Wirthschaft, und der Kunst-Geschichte</subfield><subfield code="h">[Elektronische Ressource] :</subfield><subfield code="b">in alphabetischer Ordnung /</subfield><subfield code="c">von Johann Georg Krünitz</subfield></datafield><datafield tag="246" ind1="3" ind2=" "><subfield code="a">Oekonomisch-technologische Enzyklopädie, oder, Allgemeines System der Staats-, Stadt-, Haus- und Land-Wirtschaft, und der Kunst-Geschichte</subfield><subfield code="h">[Elektronische Ressource]</subfield></datafield><datafield tag="260" ind1=" " ind2=" "><subfield code="a">[Bern] :</subfield><subfield code="b">[Bibliothek am Guisanplatz],</subfield><subfield code="c">[2015]</subfield></datafield><datafield tag="500" ind1=" " ind2=" "><subfield code="a">Titel von Digitalisat</subfield></datafield><datafield tag="516" ind1=" " ind2=" "><subfield code="a">PDF</subfield></datafield><datafield tag="505" ind1="0" ind2=" "><subfield code="a">Theil 49: Von Kreu bis Kriegs-Bann. - 1790. - 779 S.</subfield></datafield><datafield tag="505" ind1="0" ind2=" "><subfield code="a">Theil 50: Von Kriegs-Baukunst bis Kriegs-Kunst. - 1790. - 800 S.</subfield></datafield><datafield tag="505" ind1="0" ind2=" "><subfield code="a">Theil 51: Von Kriegs-Lager bis Kriegs-Schäden. - 1790. - 857 S.</subfield></datafield><datafield tag="505" ind1="0" ind2=" "><subfield code="a">Theil 52: Von Kriegs-Schiff bis Kriegs-Wesen. - 1790. - 743 S.</subfield></datafield><datafield tag="505" ind1="0" ind2=" "><subfield code="a">Theil 53: Von Kriegs-Wirthschafts-Kunst bis Kron. - 1791. - 842 S.</subfield></datafield><datafield tag="534" ind1=" " ind2=" "><subfield code="p">Elektron. Reprod. der Ausg. von:</subfield><subfield code="c">Berlin : J. Pauli, 1790-1791. -</subfield><subfield code="e">5 Bd. : Ill. ; 20 cm</subfield></datafield><datafield tag="909" ind1=" " ind2=" "><subfield code="a">EOD</subfield><subfield code="2">BIG</subfield><subfield code="6">DIGI</subfield></datafield><datafield tag="AVD" ind1="0" ind2=" "><subfield code="b">12337109830001791</subfield><subfield code="g">41BIG</subfield><subfield code="d">https://thisisallfake.example.com/view/delivery/thumbnail/41BIG_INST/12337109830001791</subfield><subfield code="e">Oekonomisch-technologische Encyklopädie, oder, Allgemeines System der Stats-, Stadt-, Haus- und Land-Wirthschaft, und der Kunst-Geschichte in alphabetischer Ordnung Bd 1</subfield><subfield code="c">https://thisisallfake.example.com/delivery/DeliveryManagerServlet?dps_pid=12337109830001791</subfield><subfield code="s">5 file/s (pdf)</subfield></datafield></record>
</metadata></record>