<record><header><identifier>oai:urm_publish:9925833387801791</identifier><datestamp>2016-05-02T08:06:51Z</datestamp><setSpec>TESTING_DIGI_TEST</setSpec><setSpec>TESTING_DIGI</setSpec></header><metadata xmlns:xsi="http://www.w3.org/2001/XMLSchema-instance">
<record xmlns="http://www.loc.gov/MARC21/slim" xmlns:xsi="http://www.w3.org/2001/XMLSchema-instance" xsi:schemaLocation="http://www.loc.gov/MARC21/slim http://www.loc.gov/standards/marcxml/schema/MARC21slim.xsd" ><leader>00656nam a22001692i 4500</leader><controlfield tag="005">20150723133925.0</controlfield><controlfield tag="008">131110r20151888sz |||| s|||| 000 0 ger d</controlfield><controlfield tag="001">9925833387801791</controlfield><datafield tag="035" ind1=" " ind2=" "><subfield code="a">bv9925833387801791</subfield></datafield><datafield tag="040" ind1=" " ind2=" "><subfield code="a">BiG</subfield><subfield code="c">BiG</subfield></datafield><datafield tag="100" ind1="1" ind2=" "><subfield code="a">Wollmann, Ernst</subfield></datafield><datafield tag="245" ind1="1" ind2="0"><subfield code="a">Geschichte des Brandenburgischen Pionier-Bataillons Nr. 3</subfield><subfield code="h">[Elektronische Ressource] /</subfield><subfield code="c">auf dienstl. Veranlassung zusgest. von Wollmann</subfield></datafield><datafield tag="260" ind1=" " ind2=" "><subfield code="a">[Bern] :</subfield><subfield code="b">[Bibliothek am Guisanplatz],</subfield><subfield code="c">[2015]</subfield></datafield><datafield tag="500" ind1=" " ind2=" "><subfield code="a">Titel von Digitalisat</subfield></datafield><datafield tag="516" ind1=" " ind2=" "><subfield code="a">PDF</subfield></datafield><datafield tag="534" ind1=" " ind2=" "><subfield code="p">Elektron. Reprod. der Ausg. von:</subfield><subfield code="c">Minden i.W. : J.C.C. Bruns, 1888. -</subfield><subfield code="e">VI, 279 S. : Ill. ; 24 cm + 5 Beil.</subfield></datafield><datafield tag="909" ind1=" " ind2=" "><subfield code="a">EOD</subfield><subfield code="2">BIG</subfield><subfield code="6">DIGI</subfield></datafield><datafield tag="AVD" ind1="0" ind2=" "><subfield code="b">12337200000001791</subfield><subfield code="g">41BIG</subfield><subfield code="d">https://thisisallfake.example.com/view/delivery/thumbnail/41BIG_INST/12337200000001791</subfield><subfield code="c">https://thisisallfake.example.com/delivery/DeliveryManagerServlet?dps_pid=12337200000001791</subfield><subfield code="s">1 file/s (pdf)</subfield></datafield></record>
</metadata></record>