<record><header><identifier>oai:urm_publish:9925833387901791</identifier><datestamp>2016-05-02T08:06:51Z</datestamp><setSpec>TESTING_DIGI_TEST</setSpec><setSpec>TESTING_DIGI</setSpec></header><metadata xmlns:xsi="http://www.w3.org/2001/XMLSchema-instance">
<record xmlns="http://www.loc.gov/MARC21/slim" xmlns:xsi="http://www.w3.org/2001/XMLSchema-instance" xsi:schemaLocation="http://www.loc.gov/MARC21/slim http://www.loc.gov/standards/marcxml/schema/MARC21slim.xsd" ><leader>00818nam a2200241 a 4500</leader><controlfield tag="005">20150723133926.0</controlfield><controlfield tag="008">150415r20151828sz |||| s|||| 000 0 fre d</controlfield><controlfield tag="001">9925833387901791</controlfield><datafield tag="035" ind1=" " ind2=" "><subfield code="a">bv9925833387901791</subfield></datafield><datafield tag="040" ind1=" " ind2=" "><subfield code="a">BiG</subfield><subfield code="c">BiG</subfield></datafield><datafield tag="245" ind1="0" ind2="0"><subfield code="a">Capitulation pour un régiment d'infanterie du canton de Berne, au service de Sa Maj. le Roi des Deux-Siciles</subfield><subfield code="h">[Ressource électronique]</subfield></datafield><datafield tag="260" ind1=" " ind2=" "><subfield code="a">[Berne] :</subfield><subfield code="b">[Bibliothèque Am Guisanplatz],</subfield><subfield code="c">[2015]</subfield></datafield><datafield tag="500" ind1=" " ind2=" "><subfield code="a">Titre de la numérisation</subfield></datafield><datafield tag="516" ind1=" " ind2=" "><subfield code="a">PDF</subfield></datafield><datafield tag="534" ind1=" " ind2=" "><subfield code="p">Reprod. électronique de l'éd. de:</subfield><subfield code="c">S.l. : s.n., 1828. -</subfield><subfield code="e">40 p. ; 23 cm</subfield></datafield><datafield tag="650" ind1=" " ind2="7"><subfield code="a">Quelle</subfield><subfield code="2">GND</subfield></datafield><datafield tag="650" ind1=" " ind2="7"><subfield code="a">Söldner</subfield><subfield code="2">GND</subfield></datafield><datafield tag="650" ind1=" " ind2="7"><subfield code="a">Vertrag</subfield><subfield code="2">GND</subfield></datafield><datafield tag="650" ind1=" " ind2="7"><subfield code="a">Söldnerheer</subfield><subfield code="2">GND</subfield></datafield><datafield tag="651" ind1=" " ind2="7"><subfield code="a">Kanton Bern</subfield><subfield code="2">GND</subfield></datafield><datafield tag="651" ind1=" " ind2="7"><subfield code="a">Sizilien</subfield><subfield code="2">GND</subfield></datafield><datafield tag="909" ind1=" " ind2=" "><subfield code="a">EOD</subfield><subfield code="2">BIG</subfield><subfield code="6">DIGI</subfield></datafield><datafield tag="945" ind1=" " ind2=" "><subfield code="a">1828</subfield></datafield><datafield tag="AVD" ind1="0" ind2=" "><subfield code="b">12337190000001791</subfield><subfield code="g">41BIG</subfield><subfield code="d">https://thisisallfake.example.com/view/delivery/thumbnail/41BIG_INST/12337190000001791</subfield><subfield code="e">Capitulation pour un régiment d'infanterie du canton de Berne, au service de Sa Maj. le Roi des Deux-Siciles</subfield><subfield code="c">https://thisisallfake.example.com/delivery/DeliveryManagerServlet?dps_pid=12337190000001791</subfield><subfield code="s">1 file/s (pdf)</subfield></datafield></record>
</metadata></record>