<record><header><identifier>oai:urm_publish:9925834803101791</identifier><datestamp>2016-05-02T08:06:51Z</datestamp><setSpec>TESTING_DIGI_TEST</setSpec><setSpec>TESTING_DIGI</setSpec></header><metadata xmlns:xsi="http://www.w3.org/2001/XMLSchema-instance">
<record xmlns="http://www.loc.gov/MARC21/slim" xmlns:xsi="http://www.w3.org/2001/XMLSchema-instance" xsi:schemaLocation="http://www.loc.gov/MARC21/slim http://www.loc.gov/standards/marcxml/schema/MARC21slim.xsd" ><leader>04417nam a2200601 a 4500</leader><controlfield tag="005">20150723133926.0</controlfield><controlfield tag="008">950526r20151916sz |||| s||||f001 0 fre d</controlfield><controlfield tag="001">9925834803101791</controlfield><datafield tag="035" ind1=" " ind2=" "><subfield code="a">bv9925834803101791</subfield></datafield><datafield tag="040" ind1=" " ind2=" "><subfield code="a">BiG</subfield><subfield code="c">BiG</subfield></datafield><datafield tag="041" ind1="0" ind2=" "><subfield code="a">fre</subfield><subfield code="a">ger</subfield></datafield><datafield tag="245" ind1="0" ind2="4"><subfield code="a">Die Wasserkräfte der Schweiz</subfield><subfield code="h">[Elektronische Ressource] /</subfield><subfield code="c">[Hrsg.:] Abteilung für Wasserwirtschaft = Les forces hydrauliques de la Suisse  / [éd.:] Service des eaux</subfield></datafield><datafield tag="246" ind1="3" ind2="1"><subfield code="a">Forces hydrauliques de la Suisse</subfield><subfield code="h">[Ressource électronique]</subfield></datafield><datafield tag="260" ind1=" " ind2=" "><subfield code="a">[Bern] :</subfield><subfield code="b">[Bibliothek am Guisanplatz],</subfield><subfield code="c">[2015]</subfield></datafield><datafield tag="500" ind1=" " ind2=" "><subfield code="a">Titel von Digitalisat</subfield></datafield><datafield tag="505" ind1="0" ind2=" "><subfield code="a">Teil 1: Die Wasserverhältnisse = Le régime des eaux. A: Die Flächeninhalte der Einzugsgebiete : mit einer hydrographischen Übersichtskarte der Schweiz = Les surfaces des bassins de réception : avec une carte hydrographique de la Suisse / von F. Bräm und J. Sartory. - X, 56 S., [1] Bl. Falttaf. - Register (Bd. 1) -- B: Die Wassermengen = Les débits / von O. Lütschg ... [et al.]. - VI, 82 S. - Register (Bd. 2) -- C: Die Längenprofile = Les profils en long / bearb. von E. Gilgen ... [et al.]. - VII S., 23 Bl. Falttaf. (Bd. 3)</subfield></datafield><datafield tag="505" ind1="0" ind2=" "><subfield code="a">Teil 2: Ausgenutzte Wasserkräfte (bestehende Wasserkraftanlagen) am 1. Janurar 1914 = Forces hydrauliques utilisées (installations hydrauliques existantes) au 1er janvier 1914 / von W.E. Bossard. - XXXI, 389, XLVIII S. - Register (Bd. 4)</subfield></datafield><datafield tag="505" ind1="0" ind2=" "><subfield code="a">Teil 3: Verfügbare Wasserkräfte 1. Januar 1914 = Forces hydrauliques disponibles 1er janvier 1914 / von C. Ghezzi ; unter Mitw. von H. Stoll ... [et al.]. - IV, XXVIII, 155 S. (Bd. 5)</subfield></datafield><datafield tag="505" ind1="2" ind2=" "><subfield code="a">Beil.: Ausgenutzte und verfügbare Wasserkräfte am 1. Januar 1914 [Kartenmaterial] : Übersichtskarte in IV Blättern = Forces hydrauliques utilisées et disponibles au 1er janvier 1914 [Document cartographique] : carte générale en IV feuilles / bearb. von S. Ghezzi und W.E. Bossard ; Zeichnung von A. Gschwind. - 1:250 000 (E 5°57'--E 10°30'/N 47°48'--N 45°48'). - 1 Karte auf 4 Bl. : mehrfarbig ; je 49 x 71 cm, zus. 98 x 141 cm. - Topographische Grundlage: Generalkarte der Schweiz 1:250 000</subfield></datafield><datafield tag="516" ind1=" " ind2=" "><subfield code="a">PDF</subfield></datafield><datafield tag="534" ind1=" " ind2=" "><subfield code="p">Elektron. Reprod. der Ausg. von:</subfield><subfield code="c">Bern : zu beziehen beim Sekretariat der Abteilung für Wasserwirtschaft, 1916. - $e 3 Teile in 5 Bd. : Ill. ; 39 cm + Beil.</subfield></datafield><datafield tag="650" ind1=" " ind2="7"><subfield code="a">Hydrologische Messung</subfield><subfield code="2">GND</subfield></datafield><datafield tag="650" ind1=" " ind2="7"><subfield code="a">Hydrologische Kartierung</subfield><subfield code="2">GND</subfield></datafield><datafield tag="650" ind1=" " ind2="7"><subfield code="a">Hydrologie</subfield><subfield code="2">GND</subfield></datafield><datafield tag="650" ind1=" " ind2="7"><subfield code="a">Wasserkraftanlage</subfield><subfield code="2">GND</subfield></datafield><datafield tag="650" ind1=" " ind2="7"><subfield code="a">Wasserkraftwerk</subfield><subfield code="2">GND</subfield></datafield><datafield tag="650" ind1=" " ind2="7"><subfield code="a">Wasserkraft</subfield><subfield code="2">GND</subfield></datafield><datafield tag="651" ind1=" " ind2="7"><subfield code="a">Schweiz</subfield><subfield code="2">GND</subfield></datafield><datafield tag="700" ind1="1" ind2=" "><subfield code="a">Bräm, Ferdinand. -</subfield><subfield code="t">Flächeninhalte der Einzugsgebiete</subfield><subfield code="h">[Elektronische Ressource]</subfield></datafield><datafield tag="700" ind1="1" ind2=" "><subfield code="a">Bräm, Ferdinand. -</subfield><subfield code="t">Surfaces des bassins de réception</subfield><subfield code="h">[Ressource électronique]</subfield></datafield><datafield tag="700" ind1="1" ind2=" "><subfield code="a">Sartory, Joseph. -</subfield><subfield code="t">Flächeninhalte der Einzugsgebiete</subfield><subfield code="h">[Elektronische Ressource]</subfield></datafield><datafield tag="700" ind1="1" ind2=" "><subfield code="a">Sartory, Joseph. -</subfield><subfield code="t">Surfaces des bassins de réception</subfield><subfield code="h">[Ressource électronique]</subfield></datafield><datafield tag="700" ind1="1" ind2=" "><subfield code="a">Gilgen, E.</subfield></datafield><datafield tag="700" ind1="1" ind2=" "><subfield code="a">Bossard, Walter Ernst</subfield></datafield><datafield tag="700" ind1="1" ind2=" "><subfield code="a">Ghezzi, Carlo</subfield></datafield><datafield tag="700" ind1="1" ind2=" "><subfield code="a">Lütschg, Otto</subfield></datafield><datafield tag="700" ind1="1" ind2=" "><subfield code="a">Gschwind, A.</subfield></datafield><datafield tag="700" ind1="1" ind2=" "><subfield code="a">Stoll, H.</subfield></datafield><datafield tag="700" ind1="1" ind2=" "><subfield code="a">Ghezzi, Carlo. -</subfield><subfield code="t">Forces hydrauliques disponibles 1er Janvier 1914</subfield><subfield code="h">[Ressource électronique]</subfield></datafield><datafield tag="700" ind1="1" ind2=" "><subfield code="a">Ghezzi, Carlo. -</subfield><subfield code="t">Verfügbare Wasserkräfte 1. Januar 1914</subfield><subfield code="h">[Elektronische Ressource]</subfield></datafield><datafield tag="700" ind1="1" ind2=" "><subfield code="a">Bossard, Walter Ernst. -</subfield><subfield code="t">Forces hydrauliques utilisées (installations hydrauliques existantes) au 1er Janvier 1914</subfield><subfield code="h">[Ressource électronique]</subfield></datafield><datafield tag="700" ind1="1" ind2=" "><subfield code="a">Bossard, Walter Ernst. -</subfield><subfield code="t">Ausgenutzte Wasserkräfte (bestehende Wasserkraftanlagen) am 1. Januar 1914</subfield><subfield code="h">[Elektronische Ressource]</subfield></datafield><datafield tag="710" ind1="1" ind2=" "><subfield code="a">Schweiz.</subfield><subfield code="b">Abteilung für Wasserwirtschaft.</subfield></datafield><datafield tag="740" ind1="4" ind2=" "><subfield code="a">Les profils en Long</subfield><subfield code="h">[Ressource électronique]</subfield></datafield><datafield tag="740" ind1="4" ind2=" "><subfield code="a">Die Längenprofile</subfield><subfield code="h">[Elektronische Ressource]</subfield></datafield><datafield tag="740" ind1="4" ind2=" "><subfield code="a">Les débits</subfield><subfield code="h">[Ressource électronique]</subfield></datafield><datafield tag="740" ind1="4" ind2=" "><subfield code="a">Die Wassermengen</subfield><subfield code="h">[Elektronische Ressource]</subfield></datafield><datafield tag="740" ind1="3" ind2=" "><subfield code="a">Le régime des eaux</subfield><subfield code="h">[Ressource électronique]</subfield></datafield><datafield tag="740" ind1="4" ind2=" "><subfield code="a">Die Wasserverhältnisse</subfield><subfield code="h">[Elektronische Ressource]</subfield></datafield><datafield tag="740" ind1="0" ind2=" "><subfield code="a">Ausgenutzte und verfügbare Wasserkräfte am 1. Januar 1914</subfield><subfield code="h">[Elektronische Ressource]</subfield></datafield><datafield tag="740" ind1="0" ind2=" "><subfield code="a">Forces hydrauliques utilisées et disponibles au 1er janvier 1914</subfield><subfield code="h">[Ressource électronique]</subfield></datafield><datafield tag="909" ind1=" " ind2=" "><subfield code="a">EOD</subfield><subfield code="2">BIG</subfield><subfield code="6">DIGI</subfield></datafield><datafield tag="945" ind1=" " ind2=" "><subfield code="a">1914</subfield></datafield><datafield tag="AVD" ind1="0" ind2=" "><subfield code="b">12337349880001791</subfield><subfield code="g">41BIG</subfield><subfield code="d">https://thisisallfake.example.com/view/delivery/thumbnail/41BIG_INST/12337349880001791</subfield><subfield code="e">Die Wasserkräfte der Schweiz</subfield><subfield code="c">https://thisisallfake.example.com/delivery/DeliveryManagerServlet?dps_pid=12337349880001791</subfield><subfield code="s">6 file/s (pdf)</subfield></datafield></record>
</metadata></record>