<record><header><identifier>oai:urm_publish:9925835164401791</identifier><datestamp>2016-05-02T08:06:51Z</datestamp><setSpec>TESTING_DIGI_TEST</setSpec><setSpec>TESTING_DIGI</setSpec></header><metadata xmlns:xsi="http://www.w3.org/2001/XMLSchema-instance">
<record xmlns="http://www.loc.gov/MARC21/slim" xmlns:xsi="http://www.w3.org/2001/XMLSchema-instance" xsi:schemaLocation="http://www.loc.gov/MARC21/slim http://www.loc.gov/standards/marcxml/schema/MARC21slim.xsd" ><leader>01432nam a2200241 a 4500</leader><controlfield tag="005">20150723133927.0</controlfield><controlfield tag="008">131110r20151788sz  ||| s|||| 000 0 fre d</controlfield><controlfield tag="001">9925835164401791</controlfield><datafield tag="035" ind1=" " ind2=" "><subfield code="a">bv9925835164401791</subfield></datafield><datafield tag="040" ind1=" " ind2=" "><subfield code="a">BiG</subfield><subfield code="c">BiG</subfield></datafield><datafield tag="100" ind1="1" ind2=" "><subfield code="a">Tscharner, Vincenz Bernhard von</subfield></datafield><datafield tag="245" ind1="1" ind2="0"><subfield code="a">Dictionnaire historique, politique et géographique de la Suisse</subfield><subfield code="h">[Ressource électronique] :</subfield><subfield code="b">contenant une description de ce qu'il y a de plus remarquable dans les cantons suisses &amp; dans les Etats de leurs alliés, la constitution politique de ces Etats, un précis de leur histoire, une notice de leurs productions naturelles, de leur commerce, de leur population, de leurs relations entr'eux &amp; avec les étrangers, &amp;c. &amp;c. &amp;c.</subfield></datafield><datafield tag="250" ind1=" " ind2=" "><subfield code="a">Nouv. éd. augm. de près de la moitié, rendue conforme à l'état actuel du pays, &amp; enrichie d'une carte générale de la Suisse, la plus correcte qui ait paru</subfield></datafield><datafield tag="260" ind1=" " ind2=" "><subfield code="a">[Berne] :</subfield><subfield code="b">[Bibliothèque Am Guisanplatz (BiG)],</subfield><subfield code="c">[2015]</subfield></datafield><datafield tag="500" ind1=" " ind2=" "><subfield code="a">Titre de la numérisation</subfield></datafield><datafield tag="500" ind1=" " ind2=" "><subfield code="a">Les auteurs sont: Vincent Tscharner et Gottlieb Emmanuel de Haller</subfield></datafield><datafield tag="516" ind1=" " ind2=" "><subfield code="a">PDF</subfield></datafield><datafield tag="534" ind1=" " ind2=" "><subfield code="p">Reprod. électronique de l’éd. de:</subfield><subfield code="c">Genève : Barde, Manget &amp; Comp. ; Paris : Buisson, 1788. -</subfield><subfield code="e">3 vol. (330, 337, 318 p.) : ill. ; 21 cm</subfield></datafield><datafield tag="650" ind1=" " ind2="7"><subfield code="a">Lexika</subfield><subfield code="2">[midonas]</subfield></datafield><datafield tag="651" ind1=" " ind2="7"><subfield code="a">Schweiz-Geschichte</subfield><subfield code="2">[midonas]</subfield></datafield><datafield tag="700" ind1="1" ind2=" "><subfield code="a">Haller, Gottlieb Emanuel von</subfield></datafield><datafield tag="909" ind1=" " ind2=" "><subfield code="a">EOD</subfield><subfield code="2">BIG</subfield><subfield code="6">DIGI</subfield></datafield><datafield tag="945" ind1=" " ind2=" "><subfield code="a">1000</subfield><subfield code="b">1787</subfield></datafield><datafield tag="AVD" ind1="0" ind2=" "><subfield code="b">12337719800001791</subfield><subfield code="g">41BIG</subfield><subfield code="d">https://thisisallfake.example.com/view/delivery/thumbnail/41BIG_INST/12337719800001791</subfield><subfield code="c">https://thisisallfake.example.com/delivery/DeliveryManagerServlet?dps_pid=12337719800001791</subfield><subfield code="s">3 file/s (pdf)</subfield></datafield></record>
</metadata></record>