<record><header><identifier>oai:urm_publish:9925835174701791</identifier><datestamp>2016-05-02T08:06:51Z</datestamp><setSpec>TESTING_DIGI_TEST</setSpec><setSpec>TESTING_DIGI</setSpec></header><metadata xmlns:xsi="http://www.w3.org/2001/XMLSchema-instance">
<record xmlns="http://www.loc.gov/MARC21/slim" xmlns:xsi="http://www.w3.org/2001/XMLSchema-instance" xsi:schemaLocation="http://www.loc.gov/MARC21/slim http://www.loc.gov/standards/marcxml/schema/MARC21slim.xsd" ><leader>01090nam a2200217 a 4500</leader><controlfield tag="005">20150723133927.0</controlfield><controlfield tag="008">131110r20151723sz |||| s|||| 000 0 ger d</controlfield><controlfield tag="001">9925835174701791</controlfield><datafield tag="035" ind1=" " ind2=" "><subfield code="a">bv9925835174701791</subfield></datafield><datafield tag="040" ind1=" " ind2=" "><subfield code="a">BiG</subfield><subfield code="c">BiG</subfield></datafield><datafield tag="100" ind1="1" ind2=" "><subfield code="a">Fäsch, Johann Rudolph</subfield></datafield><datafield tag="245" ind1="1" ind2="0"><subfield code="a">Dictionnaire des Ingenieurs</subfield><subfield code="h">[Elektronische Ressource]  :</subfield><subfield code="b">worinnen die bey der Ingenieur-Kunst und Artillerie gebräuchlichste  Kunst-Wörter, ihrem eigentlichen Verstande nach, in alphabetischer Ordnung deutlich, und mit hierzu nöthigen Kupfern erkläret werden, zum Gebrauch nicht allein derer dieser Kunst Zugethanen und Liebhabere, sondern auch derjenigen, so die Zeitungen mit Nutzen lesen wollen /</subfield><subfield code="c">Joh. Rudolph Fäsch</subfield></datafield><datafield tag="260" ind1=" " ind2=" "><subfield code="a">[Bern] :</subfield><subfield code="b">[Bibliothek am Guisanplatz (BiG)],</subfield><subfield code="c">[2015]</subfield></datafield><datafield tag="500" ind1=" " ind2=" "><subfield code="a">Titel von Digitalisat</subfield></datafield><datafield tag="516" ind1=" " ind2=" "><subfield code="a">PDF</subfield></datafield><datafield tag="534" ind1=" " ind2=" "><subfield code="p">Elektron. Reprod. der Ausg. von:</subfield><subfield code="c">Dresden : J. R. Fäsch, 1723. -</subfield><subfield code="e">208 S. : Ill. ; 18 cm</subfield></datafield><datafield tag="650" ind1=" " ind2="7"><subfield code="a">Wörterbücher</subfield><subfield code="2">[midonas]</subfield></datafield><datafield tag="650" ind1=" " ind2="7"><subfield code="a">Bautechnik</subfield><subfield code="2">[midonas]</subfield></datafield><datafield tag="650" ind1=" " ind2="7"><subfield code="a">Waffentechnik</subfield><subfield code="2">[midonas]</subfield></datafield><datafield tag="909" ind1=" " ind2=" "><subfield code="a">EOD</subfield><subfield code="2">BIG</subfield><subfield code="6">DIGI</subfield></datafield><datafield tag="945" ind1=" " ind2=" "><subfield code="a">1722</subfield></datafield><datafield tag="AVD" ind1="0" ind2=" "><subfield code="b">12337408090001791</subfield><subfield code="g">41BIG</subfield><subfield code="d">https://thisisallfake.example.com/view/delivery/thumbnail/41BIG_INST/12337408090001791</subfield><subfield code="c">https://thisisallfake.example.com/delivery/DeliveryManagerServlet?dps_pid=12337408090001791</subfield><subfield code="s">1 file/s (pdf)</subfield></datafield></record>
</metadata></record>