<record><header><identifier>oai:urm_publish:9925836402201791</identifier><datestamp>2016-05-02T08:06:51Z</datestamp><setSpec>TESTING_DIGI_TEST</setSpec><setSpec>TESTING_DIGI</setSpec></header><metadata xmlns:xsi="http://www.w3.org/2001/XMLSchema-instance">
<record xmlns="http://www.loc.gov/MARC21/slim" xmlns:xsi="http://www.w3.org/2001/XMLSchema-instance" xsi:schemaLocation="http://www.loc.gov/MARC21/slim http://www.loc.gov/standards/marcxml/schema/MARC21slim.xsd" ><leader>01379nam a2200265 a 4500</leader><controlfield tag="005">20160425093106.0</controlfield><controlfield tag="008">131110r20151928sz |||| s||||f000 0 ger d</controlfield><controlfield tag="001">9925836402201791</controlfield><datafield tag="035" ind1=" " ind2=" "><subfield code="a">bv9925836402201791</subfield></datafield><datafield tag="040" ind1=" " ind2=" "><subfield code="a">BiG</subfield><subfield code="c">BiG</subfield></datafield><datafield tag="041" ind1="0" ind2=" "><subfield code="a">ger</subfield><subfield code="a">fre</subfield></datafield><datafield tag="245" ind1="0" ind2="0"><subfield code="a">Statistik der Wasserkraftanlagen der Schweiz auf 1. Januar 1928</subfield><subfield code="h">[Elektronische Ressource] /</subfield><subfield code="c">hrsg. durch das Eidgenössische Amt für Wasserwirtschaft = Statistique des usines hydrauliques de la Suisse au 1er janvier 1928 / publ. par le Service fédéral des eaux</subfield></datafield><datafield tag="246" ind1="3" ind2="1"><subfield code="a">Statistique des usines hydrauliques de la Suisse au 1er janvier 1928</subfield><subfield code="h">[Ressource électronique]</subfield></datafield><datafield tag="260" ind1=" " ind2=" "><subfield code="a">[Bern] :</subfield><subfield code="b">[Bibliothek am Guisanplatz (BiG)],</subfield><subfield code="c">[2015]</subfield></datafield><datafield tag="500" ind1=" " ind2=" "><subfield code="a">Titel von Digitalisat</subfield></datafield><datafield tag="500" ind1=" " ind2=" "><subfield code="a">Am Kopf des Titelbl.: Eidgenössisches Departement des Innern = Département fédéral de l'intérieur</subfield></datafield><datafield tag="516" ind1=" " ind2=" "><subfield code="a">PDF</subfield></datafield><datafield tag="534" ind1=" " ind2=" "><subfield code="p">Elektron. Reprod. der Ausg. von:</subfield><subfield code="c">Bern : zu beziehen beim Sekretariat des Eidg. Amtes für Wasserwirtschaft, 1928. -</subfield><subfield code="e">XLI, 428 S., [1] Bl. Falttaf.  : Ill. ; 35 cm</subfield></datafield><datafield tag="650" ind1=" " ind2="9"><subfield code="a">Energiewirtschaft</subfield><subfield code="5">[voc11]</subfield></datafield><datafield tag="650" ind1=" " ind2="9"><subfield code="a">Wasserkraftwerk</subfield><subfield code="5">[voc11]</subfield></datafield><datafield tag="650" ind1=" " ind2="9"><subfield code="a">Wasserbau</subfield><subfield code="5">[voc11]</subfield></datafield><datafield tag="651" ind1=" " ind2="9"><subfield code="a">Schweiz</subfield><subfield code="5">[voc11]</subfield></datafield><datafield tag="710" ind1="1" ind2=" "><subfield code="a">Schweiz.</subfield><subfield code="b">Eidgenössisches Amt für Wasserwirtschaft.</subfield></datafield><datafield tag="710" ind1="1" ind2=" "><subfield code="a">Schweiz.</subfield><subfield code="b">Eidgenössisches Departement des Innern.</subfield></datafield><datafield tag="909" ind1=" " ind2=" "><subfield code="a">EOD</subfield><subfield code="2">BIG</subfield><subfield code="6">DIGI</subfield></datafield><datafield tag="AVD" ind1="0" ind2=" "><subfield code="b">12337649660001791</subfield><subfield code="g">41BIG</subfield><subfield code="d">https://thisisallfake.example.com/view/delivery/thumbnail/41BIG_INST/12337649660001791</subfield><subfield code="c">https://thisisallfake.example.com/delivery/DeliveryManagerServlet?dps_pid=12337649660001791</subfield><subfield code="s">1 file/s (pdf)</subfield></datafield></record>
</metadata></record>