<record><header><identifier>oai:urm_publish:9925837900001791</identifier><datestamp>2016-05-02T08:06:51Z</datestamp><setSpec>TESTING_DIGI_TEST</setSpec><setSpec>TESTING_DIGI</setSpec></header><metadata xmlns:xsi="http://www.w3.org/2001/XMLSchema-instance">
<record xmlns="http://www.loc.gov/MARC21/slim" xmlns:xsi="http://www.w3.org/2001/XMLSchema-instance" xsi:schemaLocation="http://www.loc.gov/MARC21/slim http://www.loc.gov/standards/marcxml/schema/MARC21slim.xsd" ><leader>01174nam a2200277 a 4500</leader><controlfield tag="005">20150806170100.0</controlfield><controlfield tag="008">131110r20151836it |||| s|||| 000 1 ita d</controlfield><controlfield tag="001">9925837900001791</controlfield><datafield tag="035" ind1=" " ind2=" "><subfield code="a">bv9925837900001791</subfield></datafield><datafield tag="040" ind1=" " ind2=" "><subfield code="a">BiG</subfield><subfield code="c">BiG</subfield></datafield><datafield tag="041" ind1="1" ind2=" "><subfield code="a">ita</subfield><subfield code="h">eng</subfield></datafield><datafield tag="100" ind1="1" ind2=" "><subfield code="a">Scott, Walter.</subfield></datafield><datafield tag="245" ind1="1" ind2="2"><subfield code="a">L'officiale di fortuna</subfield><subfield code="h">[Risorsa elettronica] :</subfield><subfield code="b">episodio delle guerre di Montrose /</subfield><subfield code="c">di Walter Scott ; trad. di Vincenzo Lancetti</subfield></datafield><datafield tag="260" ind1=" " ind2=" "><subfield code="a">[Berna] :</subfield><subfield code="b">[Biblioteca Am Guisanplatz],</subfield><subfield code="c">[2015]</subfield></datafield><datafield tag="490" ind1="1" ind2=" "><subfield code="a">Collezione de' romanzi storici di Walter Scott</subfield></datafield><datafield tag="500" ind1=" " ind2=" "><subfield code="a">Trad. di: A legend of Montrose</subfield></datafield><datafield tag="500" ind1=" " ind2=" "><subfield code="a">"Nuovi racconti del mio ostiere, raccolti e pubblicati da Jedediah Cleishbotham"</subfield></datafield><datafield tag="500" ind1=" " ind2=" "><subfield code="a">Titolo della digitalizzazione</subfield></datafield><datafield tag="505" ind1="0" ind2=" "><subfield code="a">T. 1: 1836. - 237 p.</subfield></datafield><datafield tag="516" ind1=" " ind2=" "><subfield code="a">PDF</subfield></datafield><datafield tag="534" ind1=" " ind2=" "><subfield code="p">Riprod. elettronica dell'ed. di:</subfield><subfield code="b">Reimpr. -</subfield><subfield code="c">Macerata : tip. di B. di A. Cortesi, 1836</subfield></datafield><datafield tag="650" ind1=" " ind2="7"><subfield code="a">Belletristik</subfield><subfield code="2">[midonas]</subfield></datafield><datafield tag="700" ind1="1" ind2=" "><subfield code="a">Lancetti, Vincenzo</subfield></datafield><datafield tag="700" ind1="1" ind2=" "><subfield code="a">Scott, Walter. -</subfield><subfield code="t">Legend of Montrose</subfield><subfield code="h">[Risorsa elettronica]</subfield><subfield code="l">(italiano)</subfield></datafield><datafield tag="800" ind1="1" ind2=" "><subfield code="a">Scott, Walter. -</subfield><subfield code="t">Collezione de' romanzi storici di Walter Scott</subfield><subfield code="h">[Risorsa elettronica]</subfield></datafield><datafield tag="909" ind1=" " ind2=" "><subfield code="a">EOD</subfield><subfield code="2">BIG</subfield><subfield code="6">DIGI</subfield></datafield><datafield tag="AVD" ind1="0" ind2=" "><subfield code="b">12338269870001791</subfield><subfield code="d">https://thisisallfake.example.com/view/delivery/thumbnail/41BIG_INST/12338269870001791</subfield><subfield code="e">L'officiale di fortuna episodio delle guerre di Montrose </subfield><subfield code="c">https://thisisallfake.example.com/view/delivery/41BIG_INST/12338269870001791</subfield><subfield code="s">1 file/s (pdf)</subfield></datafield></record>
</metadata></record>