<record><header><identifier>oai:urm_publish:9925838305501791</identifier><datestamp>2016-05-02T08:06:51Z</datestamp><setSpec>TESTING_DIGI_TEST</setSpec><setSpec>TESTING_DIGI</setSpec></header><metadata xmlns:xsi="http://www.w3.org/2001/XMLSchema-instance">
<record xmlns="http://www.loc.gov/MARC21/slim" xmlns:xsi="http://www.w3.org/2001/XMLSchema-instance" xsi:schemaLocation="http://www.loc.gov/MARC21/slim http://www.loc.gov/standards/marcxml/schema/MARC21slim.xsd" ><leader>00894nam a2200229 a 4500</leader><controlfield tag="005">20150810141355.0</controlfield><controlfield tag="008">131110r20151877sz |||| s|||| 000 0 ger d</controlfield><controlfield tag="001">9925838305501791</controlfield><datafield tag="035" ind1=" " ind2=" "><subfield code="a">bv9925838305501791</subfield></datafield><datafield tag="040" ind1=" " ind2=" "><subfield code="a">BiG</subfield><subfield code="c">BiG</subfield></datafield><datafield tag="100" ind1="1" ind2=" "><subfield code="a">Pestalozzi, Karl</subfield></datafield><datafield tag="245" ind1="1" ind2="0"><subfield code="a">Correction der Aare zwischen Thun und Bern</subfield><subfield code="h">[Elektronische Ressource] :</subfield><subfield code="b">Experten-Bericht der Herren Oberst Pestalozzi und Ingenieur Fraisse : (April 1877)</subfield></datafield><datafield tag="246" ind1="3" ind2=" "><subfield code="a">Korrektion der Aare zwischen Thun und Bern</subfield><subfield code="h">[Elektronische Ressource]</subfield></datafield><datafield tag="260" ind1=" " ind2=" "><subfield code="a">[Bern] :</subfield><subfield code="b">[Bibliothek am Guisanplatz],</subfield><subfield code="c">[2015]</subfield></datafield><datafield tag="500" ind1=" " ind2=" "><subfield code="a">Titel von Digitalisat</subfield></datafield><datafield tag="516" ind1=" " ind2=" "><subfield code="a">PDF</subfield></datafield><datafield tag="534" ind1=" " ind2=" "><subfield code="p">Elektron. Reprod. der Ausg. von:</subfield><subfield code="c">Bern : R.F. Haller-Goldschach, 1877. -</subfield><subfield code="e">22 S. ; 28 cm</subfield></datafield><datafield tag="650" ind1=" " ind2="7"><subfield code="a">Wasserlauf</subfield><subfield code="2">[helvetosaurus]</subfield></datafield><datafield tag="651" ind1=" " ind2="7"><subfield code="a">Aare</subfield><subfield code="2">[midonas]</subfield></datafield><datafield tag="651" ind1=" " ind2="7"><subfield code="a">Schweiz</subfield><subfield code="2">[helvetosaurus]</subfield></datafield><datafield tag="700" ind1="1" ind2=" "><subfield code="a">Fraisse, William</subfield></datafield><datafield tag="909" ind1=" " ind2=" "><subfield code="a">EOD</subfield><subfield code="2">BIG</subfield><subfield code="6">DIGI</subfield></datafield><datafield tag="AVD" ind1="0" ind2=" "><subfield code="b">12338269990001791</subfield><subfield code="d">https://thisisallfake.example.com/view/delivery/thumbnail/41BIG_INST/12338269990001791</subfield><subfield code="e">Correction der Aare zwischen Thun und Bern </subfield><subfield code="c">https://thisisallfake.example.com/view/delivery/41BIG_INST/12338269990001791</subfield><subfield code="s">1 file/s (pdf)</subfield></datafield></record>
</metadata></record>