<record><header><identifier>oai:urm_publish:9925839398301791</identifier><datestamp>2016-05-02T08:06:51Z</datestamp><setSpec>TESTING_DIGI_TEST</setSpec><setSpec>TESTING_DIGI</setSpec></header><metadata xmlns:xsi="http://www.w3.org/2001/XMLSchema-instance">
<record xmlns="http://www.loc.gov/MARC21/slim" xmlns:xsi="http://www.w3.org/2001/XMLSchema-instance" xsi:schemaLocation="http://www.loc.gov/MARC21/slim http://www.loc.gov/standards/marcxml/schema/MARC21slim.xsd" ><leader>01291nam a2200241 a 4500</leader><controlfield tag="005">20150831172554.0</controlfield><controlfield tag="008">131110r20151829sz |||| s|||| 000 0 fre d</controlfield><controlfield tag="001">9925839398301791</controlfield><datafield tag="035" ind1=" " ind2=" "><subfield code="a">bv9925839398301791</subfield></datafield><datafield tag="040" ind1=" " ind2=" "><subfield code="a">BiG</subfield><subfield code="c">BiG</subfield></datafield><datafield tag="041" ind1="0" ind2=" "><subfield code="a">fre</subfield><subfield code="h">ger</subfield></datafield><datafield tag="100" ind1="1" ind2=" "><subfield code="a">Rouvroy, Friedrich Gustav von</subfield></datafield><datafield tag="245" ind1="1" ind2="0"><subfield code="a">Dictionnaire français-allemand contenant les termes techniques usités dans l'art de l'artillerie et dans les sciences, les arts et les métiers y relatifs</subfield><subfield code="h">[Ressource électronique] /</subfield><subfield code="c">par Frédéric Gustave de Rouvroy = Französisch-deutsches Wörterbuch der technischen Artillerie, ihrer Bedürfnisse und der mit ihr in Beziehung stehenden Werkstätte / von Friedr. Gustav v. Rouvroy</subfield></datafield><datafield tag="246" ind1="3" ind2="1"><subfield code="a">Französisch-deutsches Wörterbuch der technischen Artillerie, ihrer Bedürfnisse und der mit ihr in Beziehung stehenden Werkstätte</subfield><subfield code="h">[Elektronische Ressource]</subfield></datafield><datafield tag="260" ind1=" " ind2=" "><subfield code="a">[Berne] :</subfield><subfield code="b">[Bibliothèque Am Guisanplatz],</subfield><subfield code="c">[2015]</subfield></datafield><datafield tag="500" ind1=" " ind2=" "><subfield code="a">Titre de la numérisation</subfield></datafield><datafield tag="516" ind1=" " ind2=" "><subfield code="a">PDF</subfield></datafield><datafield tag="534" ind1=" " ind2=" "><subfield code="p">Reprod. électronqiue de l'éd. de:</subfield><subfield code="c">Dresde etc. : Arnold, 1829. -</subfield><subfield code="e">XII, 227 p. ; 19 cm</subfield></datafield><datafield tag="650" ind1=" " ind2="7"><subfield code="a">Deutsch/Französisch</subfield><subfield code="2">[midonas]</subfield></datafield><datafield tag="650" ind1=" " ind2="7"><subfield code="a">Wörterbücher</subfield><subfield code="2">[midonas]</subfield></datafield><datafield tag="650" ind1=" " ind2="7"><subfield code="a">Artillerie</subfield><subfield code="2">[midonas]</subfield></datafield><datafield tag="909" ind1=" " ind2=" "><subfield code="a">EOD</subfield><subfield code="2">BIG</subfield><subfield code="6">DIGI</subfield></datafield><datafield tag="999" ind1=" " ind2=" "><subfield code="a">volumen antiquum</subfield></datafield><datafield tag="AVD" ind1="0" ind2=" "><subfield code="b">12338567050001791</subfield><subfield code="g">BIG</subfield><subfield code="d">https://thisisallfake.example.com/view/delivery/thumbnail/41BIG_INST/12338567050001791</subfield><subfield code="e">Dictionnaire français-allemand contenant les termes techniques usités dans l'art de l'artillerie et dans les sciences, les arts et les métiers y relatifs par Frédéric Gustave de Rouvroy = Französisch-deutsches Wörterbuch der technischen Artillerie, ihrer Bedürfnisse und der mit ihr in Beziehung stehenden Werkstätte </subfield><subfield code="c">https://thisisallfake.example.com/view/delivery/41BIG_INST/12338567050001791</subfield><subfield code="s">1 file/s (pdf)</subfield></datafield></record>
</metadata></record>