<record><header><identifier>oai:urm_publish:9925839399801791</identifier><datestamp>2016-05-02T08:06:51Z</datestamp><setSpec>TESTING_DIGI_TEST</setSpec><setSpec>TESTING_DIGI</setSpec></header><metadata xmlns:xsi="http://www.w3.org/2001/XMLSchema-instance">
<record xmlns="http://www.loc.gov/MARC21/slim" xmlns:xsi="http://www.w3.org/2001/XMLSchema-instance" xsi:schemaLocation="http://www.loc.gov/MARC21/slim http://www.loc.gov/standards/marcxml/schema/MARC21slim.xsd" ><leader>03122nam a2200361 a 4500</leader><controlfield tag="005">20150916104121.0</controlfield><controlfield tag="008">131110r20151785sz |||| s|||| 000 0 ger d</controlfield><controlfield tag="001">9925839399801791</controlfield><datafield tag="035" ind1=" " ind2=" "><subfield code="a">bv9925839399801791</subfield></datafield><datafield tag="040" ind1=" " ind2=" "><subfield code="a">BiG</subfield><subfield code="c">BiG</subfield></datafield><datafield tag="041" ind1="1" ind2=" "><subfield code="a">ger</subfield><subfield code="h">fre</subfield></datafield><datafield tag="100" ind1="1" ind2=" "><subfield code="a">Warnery, Charles de</subfield></datafield><datafield tag="245" ind1="1" ind2="4"><subfield code="a">Des Herrn Generalmajor von Warnery sämtliche Schriften</subfield><subfield code="h">[Elektronische Ressource] /</subfield><subfield code="c">aus dem Franz. übers., und mit Planen und Erl. vermehrt</subfield></datafield><datafield tag="260" ind1=" " ind2=" "><subfield code="a">[Bern] :</subfield><subfield code="b">[Bibliothek am Guisanplatz],</subfield><subfield code="c">[2015]</subfield></datafield><datafield tag="300" ind1=" " ind2=" "><subfield code="a">6 Bd. ;</subfield><subfield code="c">18 cm</subfield></datafield><datafield tag="500" ind1=" " ind2=" "><subfield code="a">Hrsg.: G. S. (Gerhard Johann David von Scharnhorst)</subfield></datafield><datafield tag="500" ind1=" " ind2=" "><subfield code="a">Titel von Digitalisat</subfield></datafield><datafield tag="505" ind1="0" ind2=" "><subfield code="a">Theil 1: Bemerkungen über die Cavalerie. - 1785. - 1 Bd. (getr. Zählungen) : Ill.</subfield></datafield><datafield tag="505" ind1="0" ind2=" "><subfield code="a">Theil 2: Bemerkungen über des Grafen von Türpin Kommentarien über Montecuculi, nebst Anecdoten zur Militär-Geschichte des jetzigen Jahrhunderts : erster Theil / übers. von H. W. v. Z. - 1785. - X, 323 S., [4] Bl. Falttaf.</subfield></datafield><datafield tag="505" ind1="0" ind2=" "><subfield code="a">Theil 3: Bemerkungen über des Grafen von Türpin Kommentarien über Montecuculi, nebst Anecdoten zur Militär-Geschichte des jetzigen Jahrhunderts : zweyter Theil / übers. von F. Schwenk. - 1786. - 516 S., [1] Bl. Falttaf.</subfield></datafield><datafield tag="505" ind1="0" ind2=" "><subfield code="a">Theil 4: Bemerkungen über des Grafen von Türpin Kommentarien über Montecuculi, nebst Anecdoten zur Militär-Geschichte des jetzigen Jahrhunderts : dritter Theil / übers. von L. S. G. E. - 1786. - 318 S.</subfield></datafield><datafield tag="505" ind1="0" ind2=" "><subfield code="a">Theil 5: Vermischte Bemerkungen, vorzüglich über Cäsar und andere sowohl ältere als neuere militairische Schriftsteller, als eine Fortsetzung der Bemerkungen über des Grafen von Türpin Kommentarien über Montecuculi und über Guiberts Taktik / übers. von Wilhelm Schwenke. - 1787. - VI, 406 S.</subfield></datafield><datafield tag="505" ind1="0" ind2=" "><subfield code="a">Theil 6: Bemerkungen über das türkische und russische Militair / übers. von W. von Zechau. - 1787. - 254 S.</subfield></datafield><datafield tag="516" ind1=" " ind2=" "><subfield code="a">PDF</subfield></datafield><datafield tag="534" ind1=" " ind2=" "><subfield code="p">Elektron. Reprod. der Ausg. von:</subfield><subfield code="c">Hannover : im Verlage der Helwingschen Hofbuchhandlung, 1785-1787. -</subfield><subfield code="e">6 Bd. ; 18 cm</subfield></datafield><datafield tag="700" ind1="1" ind2=" "><subfield code="a">Scharnhorst, Gerhard Johann David von.</subfield></datafield><datafield tag="700" ind1="1" ind2=" "><subfield code="a">Schwenke, Wilhelm</subfield></datafield><datafield tag="700" ind1="1" ind2=" "><subfield code="a">Zechau, W. von</subfield></datafield><datafield tag="700" ind1="1" ind2=" "><subfield code="a">Warnery, Charles de. -</subfield><subfield code="t">Bemerkungen über die Cavalerie</subfield><subfield code="h">[Elektronische Ressource]</subfield></datafield><datafield tag="700" ind1="1" ind2=" "><subfield code="a">Warnery, Charles de. -</subfield><subfield code="t">Bemerkungen über des Grafen von Türpin Kommentarien über Montecuculi, nebst Anecdoten zur Militär-Geschichte des jetzigen Jahrhunderts</subfield><subfield code="h">[Elektronische Ressource]</subfield></datafield><datafield tag="700" ind1="1" ind2=" "><subfield code="a">Warnery, Charles de. -</subfield><subfield code="t">Vermischte Bemerkungen, vorzüglich über Cäsar und andere sowohl ältere als neuere militairische Schriftsteller, als eine Fortsetzung der Bemerkungen über des Grafen von Türpin Kommentarien über Montecuculi und über Guiberts Taktik</subfield><subfield code="h">[Elektronische Ressource]</subfield></datafield><datafield tag="700" ind1="1" ind2=" "><subfield code="a">Warnery, Charles de. -</subfield><subfield code="t">Bemerkungen über das türkische und russische Militair</subfield><subfield code="h">[Elektronische Ressource]</subfield></datafield><datafield tag="909" ind1=" " ind2=" "><subfield code="a">EOD</subfield><subfield code="2">BIG</subfield><subfield code="6">DIGI</subfield></datafield><datafield tag="AVD" ind1="0" ind2=" "><subfield code="b">12338634240001791</subfield><subfield code="g">BIG</subfield><subfield code="d">https://thisisallfake.example.com/view/delivery/thumbnail/41BIG_INST/12338634240001791</subfield><subfield code="e">Des Herrn Generalmajor von Warnery sämtliche Schriften aus dem Franz. übers., und mit Planen und Erl. vermehrt Band 6</subfield><subfield code="c">https://thisisallfake.example.com/view/delivery/41BIG_INST/12338634240001791</subfield><subfield code="s">1 file/s (pdf)</subfield></datafield><datafield tag="AVD" ind1="0" ind2=" "><subfield code="b">12338634260001791</subfield><subfield code="g">BIG</subfield><subfield code="d">https://thisisallfake.example.com/view/delivery/thumbnail/41BIG_INST/12338634260001791</subfield><subfield code="e">Des Herrn Generalmajor von Warnery sämtliche Schriften aus dem Franz. übers., und mit Planen und Erl. vermehrt  Band 5</subfield><subfield code="c">https://thisisallfake.example.com/view/delivery/41BIG_INST/12338634260001791</subfield><subfield code="s">1 file/s (pdf)</subfield></datafield><datafield tag="AVD" ind1="0" ind2=" "><subfield code="b">12338634280001791</subfield><subfield code="g">BIG</subfield><subfield code="d">https://thisisallfake.example.com/view/delivery/thumbnail/41BIG_INST/12338634280001791</subfield><subfield code="e">Des Herrn Generalmajor von Warnery sämtliche Schriften aus dem Franz. übers., und mit Planen und Erl. vermehrt  Band 3 und 4</subfield><subfield code="c">https://thisisallfake.example.com/view/delivery/41BIG_INST/12338634280001791</subfield><subfield code="s">1 file/s (pdf)</subfield></datafield><datafield tag="AVD" ind1="0" ind2=" "><subfield code="b">12338634300001791</subfield><subfield code="g">BIG</subfield><subfield code="d">https://thisisallfake.example.com/view/delivery/thumbnail/41BIG_INST/12338634300001791</subfield><subfield code="e">Des Herrn Generalmajor von Warnery sämtliche Schriften aus dem Franz. übers., und mit Planen und Erl. vermehrt  Band 1 und 2</subfield><subfield code="c">https://thisisallfake.example.com/view/delivery/41BIG_INST/12338634300001791</subfield><subfield code="s">1 file/s (pdf)</subfield></datafield></record>
</metadata></record>