<record><header><identifier>oai:urm_publish:9925840501101791</identifier><datestamp>2016-05-02T08:06:51Z</datestamp><setSpec>TESTING_DIGI_TEST</setSpec><setSpec>TESTING_DIGI</setSpec></header><metadata xmlns:xsi="http://www.w3.org/2001/XMLSchema-instance">
<record xmlns="http://www.loc.gov/MARC21/slim" xmlns:xsi="http://www.w3.org/2001/XMLSchema-instance" xsi:schemaLocation="http://www.loc.gov/MARC21/slim http://www.loc.gov/standards/marcxml/schema/MARC21slim.xsd" ><leader>01210nam a2200265 a 4500</leader><controlfield tag="005">20150909164738.0</controlfield><controlfield tag="008">131110r20151735sz |||| s|||| 000 0 ger d</controlfield><controlfield tag="001">9925840501101791</controlfield><datafield tag="035" ind1=" " ind2=" "><subfield code="a">bv9925840501101791</subfield></datafield><datafield tag="040" ind1=" " ind2=" "><subfield code="a">BiG</subfield><subfield code="c">BiG</subfield></datafield><datafield tag="245" ind1="0" ind2="0"><subfield code="a">Helvetische Bibliotheck</subfield><subfield code="h">[Elektronische Ressource] :</subfield><subfield code="b">bestehend in historischen, politischen und critischen Beyträgen zu den Geschichten des Schweitzerlands</subfield></datafield><datafield tag="246" ind1="3" ind2=" "><subfield code="a">Helvetische Bibliothek</subfield><subfield code="h">[Elektronische Ressource] :</subfield><subfield code="b">bestehend in historischen, politischen und kritischen Beiträgen zu den Geschichten des Schweizerlands</subfield></datafield><datafield tag="260" ind1=" " ind2=" "><subfield code="a">[Bern] :</subfield><subfield code="b">[Bibliothek am Guisanplatz],</subfield><subfield code="c">[2015]</subfield></datafield><datafield tag="500" ind1=" " ind2=" "><subfield code="a">Hrsg. von Johann Jakob Bodmer und Johann Jacob Breitinger</subfield></datafield><datafield tag="500" ind1=" " ind2=" "><subfield code="a">Titel von Digitalisat</subfield></datafield><datafield tag="505" ind1="0" ind2=" "><subfield code="a">Stück 1: 1735. - 198 S.</subfield></datafield><datafield tag="505" ind1="0" ind2=" "><subfield code="a">Stück 2: 1735. - 294 S.</subfield></datafield><datafield tag="505" ind1="0" ind2=" "><subfield code="a">Stück 3: 1735. - 284 S.</subfield></datafield><datafield tag="505" ind1="0" ind2=" "><subfield code="a">Stück 4: 1736. - 248 S.</subfield></datafield><datafield tag="505" ind1="0" ind2=" "><subfield code="a">Stück 5: 1736. - 276 S.</subfield></datafield><datafield tag="516" ind1=" " ind2=" "><subfield code="a">PDF</subfield></datafield><datafield tag="534" ind1=" " ind2=" "><subfield code="p">Elektron. Reprod. der Ausg. von:</subfield><subfield code="c">Zürich : C. Orell, 1735-1736. -</subfield><subfield code="e">5 Bd. ; 19 cm</subfield></datafield><datafield tag="700" ind1="1" ind2=" "><subfield code="a">Bodmer, Johann Jakob,</subfield><subfield code="d">1698-1783</subfield></datafield><datafield tag="700" ind1="1" ind2=" "><subfield code="a">Breitinger, Johann Jacob,</subfield><subfield code="d">1701-1776.</subfield></datafield><datafield tag="909" ind1=" " ind2=" "><subfield code="a">EOD</subfield><subfield code="2">BIG</subfield><subfield code="6">DIGI</subfield></datafield><datafield tag="AVD" ind1="0" ind2=" "><subfield code="b">12338638760001791</subfield><subfield code="g">BIG</subfield><subfield code="d">https://thisisallfake.example.com/view/delivery/thumbnail/41BIG_INST/12338638760001791</subfield><subfield code="e">Helvetische Bibliotheck bestehend in historischen, politischen und critischen Beyträgen zu den Geschichten des Schweitzerlands Band 5</subfield><subfield code="c">https://thisisallfake.example.com/view/delivery/41BIG_INST/12338638760001791</subfield><subfield code="s">1 file/s (40501101791_Band 5.pdf)</subfield></datafield><datafield tag="AVD" ind1="0" ind2=" "><subfield code="b">12338638840001791</subfield><subfield code="g">BIG</subfield><subfield code="d">https://thisisallfake.example.com/view/delivery/thumbnail/41BIG_INST/12338638840001791</subfield><subfield code="e">Helvetische Bibliotheck bestehend in historischen, politischen und critischen Beyträgen zu den Geschichten des Schweitzerlands Band 1</subfield><subfield code="c">https://thisisallfake.example.com/view/delivery/41BIG_INST/12338638840001791</subfield><subfield code="s">1 file/s (40501101791_Band 1.pdf)</subfield></datafield><datafield tag="AVD" ind1="0" ind2=" "><subfield code="b">12338638780001791</subfield><subfield code="g">BIG</subfield><subfield code="d">https://thisisallfake.example.com/view/delivery/thumbnail/41BIG_INST/12338638780001791</subfield><subfield code="e">Helvetische Bibliotheck bestehend in historischen, politischen und critischen Beyträgen zu den Geschichten des Schweitzerlands Band 4</subfield><subfield code="c">https://thisisallfake.example.com/view/delivery/41BIG_INST/12338638780001791</subfield><subfield code="s">1 file/s (40501101791_Band 4.pdf)</subfield></datafield><datafield tag="AVD" ind1="0" ind2=" "><subfield code="b">12338638800001791</subfield><subfield code="d">https://thisisallfake.example.com/view/delivery/thumbnail/41BIG_INST/12338638800001791</subfield><subfield code="e">Helvetische Bibliotheck bestehend in historischen, politischen und critischen Beyträgen zu den Geschichten des Schweitzerlands Band 3</subfield><subfield code="c">https://thisisallfake.example.com/view/delivery/41BIG_INST/12338638800001791</subfield><subfield code="s">1 file/s (40501101791_Band 3.pdf)</subfield></datafield><datafield tag="AVD" ind1="0" ind2=" "><subfield code="b">12338638820001791</subfield><subfield code="g">BIG</subfield><subfield code="d">https://thisisallfake.example.com/view/delivery/thumbnail/41BIG_INST/12338638820001791</subfield><subfield code="e">Helvetische Bibliotheck bestehend in historischen, politischen und critischen Beyträgen zu den Geschichten des Schweitzerlands Band 2</subfield><subfield code="c">https://thisisallfake.example.com/view/delivery/41BIG_INST/12338638820001791</subfield><subfield code="s">1 file/s (40501101791_Band 2.pdf)</subfield></datafield></record>
</metadata></record>