<record><header><identifier>oai:urm_publish:9925840501401791</identifier><datestamp>2016-05-02T08:06:51Z</datestamp><setSpec>TESTING_DIGI_TEST</setSpec><setSpec>TESTING_DIGI</setSpec></header><metadata xmlns:xsi="http://www.w3.org/2001/XMLSchema-instance">
<record xmlns="http://www.loc.gov/MARC21/slim" xmlns:xsi="http://www.w3.org/2001/XMLSchema-instance" xsi:schemaLocation="http://www.loc.gov/MARC21/slim http://www.loc.gov/standards/marcxml/schema/MARC21slim.xsd" ><leader>01187nam a2200265 a 4500</leader><controlfield tag="005">20150909160028.0</controlfield><controlfield tag="008">131110r20151815sz |||| s|||| 000 0 ger d</controlfield><controlfield tag="001">9925840501401791</controlfield><datafield tag="035" ind1=" " ind2=" "><subfield code="a">bv9925840501401791</subfield></datafield><datafield tag="040" ind1=" " ind2=" "><subfield code="a">BiG</subfield><subfield code="c">BiG</subfield></datafield><datafield tag="100" ind1="1" ind2=" "><subfield code="a">Hoyer, J.G. von</subfield></datafield><datafield tag="245" ind1="1" ind2="0"><subfield code="a">Allgemeines Wörterbuch der Kriegsbaukunst, welches die theoretische und praktische Darstellung aller Grundsätze und Lehren des Festungsbaues, des Angriffes und der Vertheidigung befestigter Orte und des Minenkrieges enthält</subfield><subfield code="h">[Elektronische Ressource] /</subfield><subfield code="c">J.G. v. Hoyer</subfield></datafield><datafield tag="260" ind1=" " ind2=" "><subfield code="a">[Bern] :</subfield><subfield code="b">[Bibliothek am Guisanplatz],</subfield><subfield code="c">[2015]</subfield></datafield><datafield tag="500" ind1=" " ind2=" "><subfield code="a">Titel von Digitalisat</subfield></datafield><datafield tag="505" ind1="0" ind2=" "><subfield code="a">Theil 1: A bis E. - 1815. - 320 S., 7 Bl. Falttaf.</subfield></datafield><datafield tag="505" ind1="0" ind2=" "><subfield code="a">Theil 2: F bis Q. - 1816. - 316 S., Bl. Falttaf. VIII-XVI</subfield></datafield><datafield tag="505" ind1="0" ind2=" "><subfield code="a">Theil 3: R bis Z. - 1817. - 266 S., Bl. Falttaf. XVII-XXVI</subfield></datafield><datafield tag="516" ind1=" " ind2=" "><subfield code="a">PDF</subfield></datafield><datafield tag="534" ind1=" " ind2=" "><subfield code="p">Elektron. Reprod. der Ausg. von:</subfield><subfield code="c">Berlin : Realschul-Buchhandlung, 1815-1817. -</subfield><subfield code="e">3 Bd. : Ill. ; 21 cm</subfield></datafield><datafield tag="650" ind1=" " ind2="7"><subfield code="a">Bauwesen</subfield><subfield code="2">[midonas]</subfield></datafield><datafield tag="650" ind1=" " ind2="7"><subfield code="a">Festungswesen</subfield><subfield code="2">[midonas]</subfield></datafield><datafield tag="650" ind1=" " ind2="7"><subfield code="a">Festungen</subfield><subfield code="2">[midonas]</subfield></datafield><datafield tag="650" ind1=" " ind2="7"><subfield code="a">Minenkampf</subfield><subfield code="2">[midonas]</subfield></datafield><datafield tag="909" ind1=" " ind2=" "><subfield code="a">EOD</subfield><subfield code="2">BIG</subfield><subfield code="6">DIGI</subfield></datafield><datafield tag="999" ind1=" " ind2=" "><subfield code="a">volumen antiquum</subfield></datafield><datafield tag="AVD" ind1="0" ind2=" "><subfield code="b">12338639860001791</subfield><subfield code="g">BIG</subfield><subfield code="d">https://thisisallfake.example.com/view/delivery/thumbnail/41BIG_INST/12338639860001791</subfield><subfield code="e">Allgemeines Wörterbuch der Kriegsbaukunst, welches die theoretische und praktische Darstellung aller Grundsätze und Lehren des Festungsbaues, des Angriffes und der Vertheidigung befestigter Orte und des Minenkrieges enthält J.G. v. Hoyer 1 Teil</subfield><subfield code="c">https://thisisallfake.example.com/view/delivery/41BIG_INST/12338639860001791</subfield><subfield code="s">1 file/s (04830_1 Teil.pdf)</subfield></datafield><datafield tag="AVD" ind1="0" ind2=" "><subfield code="b">12338639820001791</subfield><subfield code="g">BIG</subfield><subfield code="d">https://thisisallfake.example.com/view/delivery/thumbnail/41BIG_INST/12338639820001791</subfield><subfield code="e">Allgemeines Wörterbuch der Kriegsbaukunst, welches die theoretische und praktische Darstellung aller Grundsätze und Lehren des Festungsbaues, des Angriffes und der Vertheidigung befestigter Orte und des Minenkrieges enthält J.G. v. Hoyer 3 Teil</subfield><subfield code="c">https://thisisallfake.example.com/view/delivery/41BIG_INST/12338639820001791</subfield><subfield code="s">1 file/s (05180_3 Teil.pdf)</subfield></datafield><datafield tag="AVD" ind1="0" ind2=" "><subfield code="b">12338639840001791</subfield><subfield code="g">BIG</subfield><subfield code="d">https://thisisallfake.example.com/view/delivery/thumbnail/41BIG_INST/12338639840001791</subfield><subfield code="e">Allgemeines Wörterbuch der Kriegsbaukunst, welches die theoretische und praktische Darstellung aller Grundsätze und Lehren des Festungsbaues, des Angriffes und der Vertheidigung befestigter Orte und des Minenkrieges enthält J.G. v. Hoyer 2 Teil</subfield><subfield code="c">https://thisisallfake.example.com/view/delivery/41BIG_INST/12338639840001791</subfield><subfield code="s">1 file/s (05170_2 Teil.pdf)</subfield></datafield></record>
</metadata></record>