<record><header><identifier>oai:urm_publish:9925840503501791</identifier><datestamp>2016-05-02T08:06:51Z</datestamp><setSpec>TESTING_DIGI_TEST</setSpec><setSpec>TESTING_DIGI</setSpec></header><metadata xmlns:xsi="http://www.w3.org/2001/XMLSchema-instance">
<record xmlns="http://www.loc.gov/MARC21/slim" xmlns:xsi="http://www.w3.org/2001/XMLSchema-instance" xsi:schemaLocation="http://www.loc.gov/MARC21/slim http://www.loc.gov/standards/marcxml/schema/MARC21slim.xsd" ><leader>00892nam a2200193 a 4500</leader><controlfield tag="005">20150909121050.0</controlfield><controlfield tag="008">131110r20151666sz ||||  |||| 001 0 fre d</controlfield><controlfield tag="001">9925840503501791</controlfield><datafield tag="035" ind1=" " ind2=" "><subfield code="a">bv9925840503501791</subfield></datafield><datafield tag="040" ind1=" " ind2=" "><subfield code="a">BiG</subfield><subfield code="c">BiG</subfield></datafield><datafield tag="100" ind1="1" ind2=" "><subfield code="a">Plantin, Jean-Baptiste</subfield></datafield><datafield tag="245" ind1="1" ind2="0"><subfield code="a">Abbrégé de l'histoire générale de Suisse</subfield><subfield code="h">[Ressource électronique] :</subfield><subfield code="b">avec une description particulière du païs des Suisses, de leurs suiets &amp; de leurs alliez /</subfield><subfield code="c">par Iean Baptiste Plantin</subfield></datafield><datafield tag="246" ind1="3" ind2=" "><subfield code="a">Abrégé de l'histoire générale de Suisse</subfield><subfield code="h">[Ressource électronique]</subfield></datafield><datafield tag="260" ind1=" " ind2=" "><subfield code="a">[Berne] :</subfield><subfield code="b">[Bibliothèque Am Guisanplatz],</subfield><subfield code="c">[2015]</subfield></datafield><datafield tag="300" ind1=" " ind2=" "><subfield code="a">814 p. ;</subfield><subfield code="c">17 cm</subfield></datafield><datafield tag="500" ind1=" " ind2=" "><subfield code="a">Titre de la numérisation</subfield></datafield><datafield tag="516" ind1=" " ind2=" "><subfield code="a">PDF</subfield></datafield><datafield tag="534" ind1=" " ind2=" "><subfield code="p">Reprod. électronique de l'éd. de:</subfield><subfield code="c">Genève : Iean Ant. &amp; Samuel De Tournes, 1666, Oeuvre nouv., enrichie d'un très-ample indice. -</subfield><subfield code="e">814 p. ; 17 cm</subfield></datafield><datafield tag="909" ind1=" " ind2=" "><subfield code="a">EOD</subfield><subfield code="2">BIG</subfield><subfield code="6">DIGI</subfield></datafield><datafield tag="AVD" ind1="0" ind2=" "><subfield code="b">12338633680001791</subfield><subfield code="g">BIG</subfield><subfield code="d">https://thisisallfake.example.com/view/delivery/thumbnail/41BIG_INST/12338633680001791</subfield><subfield code="e">Abbrégé de l'histoire générale de Suisse avec une description particulière du païs des Suisses, de leurs suiets &amp; de leurs alliez / par Iean Baptiste Plantin </subfield><subfield code="c">https://thisisallfake.example.com/view/delivery/41BIG_INST/12338633680001791</subfield><subfield code="s">1 file/s (pdf)</subfield></datafield></record>
</metadata></record>