<record><header><identifier>oai:urm_publish:9925840699101791</identifier><datestamp>2016-05-02T08:06:51Z</datestamp><setSpec>TESTING_DIGI_TEST</setSpec><setSpec>TESTING_DIGI</setSpec></header><metadata xmlns:xsi="http://www.w3.org/2001/XMLSchema-instance">
<record xmlns="http://www.loc.gov/MARC21/slim" xmlns:xsi="http://www.w3.org/2001/XMLSchema-instance" xsi:schemaLocation="http://www.loc.gov/MARC21/slim http://www.loc.gov/standards/marcxml/schema/MARC21slim.xsd" ><leader>00928nam a2200169 a 4500</leader><controlfield tag="005">20150914151805.0</controlfield><controlfield tag="008">150914r20151732sz |||| s|||| 000 0 ger df</controlfield><controlfield tag="001">9925840699101791</controlfield><datafield tag="035" ind1=" " ind2=" "><subfield code="a">bv9925840699101791</subfield></datafield><datafield tag="040" ind1=" " ind2=" "><subfield code="a">BiG</subfield><subfield code="c">BiG</subfield></datafield><datafield tag="100" ind1="1" ind2=" "><subfield code="a">Wagner, Hans Jörg,</subfield><subfield code="d">1624-1691</subfield></datafield><datafield tag="245" ind1="1" ind2="0"><subfield code="a">Parisische Reyss, Handlung und Bünd-Schwür</subfield><subfield code="h">[Elektronische Ressource] :</subfield><subfield code="b">das ist: Wahrhafftige Erzehlung, was sich in der zwischen dem Aller-Christlichsten König zu Franckreich und Navarra Ludovico XIV. an einem so denne den XIII und V zugewandten Orten hochlöblicher Eydgnossschafft, im Jahr 1663 zu Pariss verpflogenen Bunds-Erneuerung zugetragen  /</subfield><subfield code="c">geschrieben durch Johann Georg Wagner</subfield></datafield><datafield tag="260" ind1=" " ind2=" "><subfield code="a">[Bern] :</subfield><subfield code="b">[Bibliothek am Guisanplatz],</subfield><subfield code="c">[2015]</subfield></datafield><datafield tag="500" ind1=" " ind2=" "><subfield code="a">Titel von Digitalisat</subfield></datafield><datafield tag="516" ind1=" " ind2=" "><subfield code="a">PDF</subfield></datafield><datafield tag="534" ind1=" " ind2=" "><subfield code="p">Elektron. Reprod. der Ausg. von:</subfield><subfield code="c">[S.l.] : [s.n.], 1732,</subfield><subfield code="b">2. Ed. -</subfield><subfield code="e">82 [i.e.] 92 S. ; 17 cm</subfield></datafield><datafield tag="909" ind1=" " ind2=" "><subfield code="a">EOD</subfield><subfield code="2">BIG</subfield><subfield code="6">DIGI</subfield></datafield><datafield tag="AVD" ind1="0" ind2=" "><subfield code="b">12338635620001791</subfield><subfield code="g">BIG</subfield><subfield code="d">https://thisisallfake.example.com/view/delivery/thumbnail/41BIG_INST/12338635620001791</subfield><subfield code="e">Parisische Reyss, Handlung und Bünd-Schwür das ist: Wahrhafftige Erzehlung, was sich in der zwischen dem Aller-Christlichsten König zu Franckreich und Navarra Ludovico XIV. an einem so denne den XIII und V zugewandten Orten hochlöblicher Eydgnossschafft, im Jahr 1663 zu Pariss verpflogenen Bunds-Erneuerung zugetragen</subfield><subfield code="c">https://thisisallfake.example.com/view/delivery/41BIG_INST/12338635620001791</subfield><subfield code="s">1 file/s (G15A005060_2.pdf)</subfield></datafield></record>
</metadata></record>