<record><header><identifier>oai:urm_publish:9925840699801791</identifier><datestamp>2016-05-02T08:06:51Z</datestamp><setSpec>TESTING_DIGI_TEST</setSpec><setSpec>TESTING_DIGI</setSpec></header><metadata xmlns:xsi="http://www.w3.org/2001/XMLSchema-instance">
<record xmlns="http://www.loc.gov/MARC21/slim" xmlns:xsi="http://www.w3.org/2001/XMLSchema-instance" xsi:schemaLocation="http://www.loc.gov/MARC21/slim http://www.loc.gov/standards/marcxml/schema/MARC21slim.xsd" ><leader>01105nam a2200229 a 4500</leader><controlfield tag="005">20150914143654.0</controlfield><controlfield tag="008">131110r20151732sz |||| s|||| 000 0 ger d</controlfield><controlfield tag="001">9925840699801791</controlfield><datafield tag="035" ind1=" " ind2=" "><subfield code="a">bv9925840699801791</subfield></datafield><datafield tag="040" ind1=" " ind2=" "><subfield code="a">BiG</subfield><subfield code="c">BiG</subfield></datafield><datafield tag="041" ind1="0" ind2=" "><subfield code="a">ger</subfield><subfield code="a">fre</subfield><subfield code="a">lat</subfield></datafield><datafield tag="110" ind1="1" ind2=" "><subfield code="a">France.</subfield></datafield><datafield tag="245" ind1="1" ind2="0"><subfield code="a">Sammlung der vornehmsten Bündnussen, Verträgen, Vereinigungen etc., welche die Cron Franckrych mit loblicher Eydgnosssschafft und dero Zugewandten ins gesamt und ins besonders auffgerichtet</subfield><subfield code="h">[Elektronische Ressource] /</subfield><subfield code="c">[hg. von Johann Rudolf Holzer]</subfield></datafield><datafield tag="246" ind1="3" ind2=" "><subfield code="a">Sammlung der vornehmsten Bündnisse, Verträge, Vereinigungen etc., welche die Krone Frankreich mit löblicher Eidgenossenschaft und deren Zugewandten begründete</subfield><subfield code="h">[Elektronische Ressource]</subfield></datafield><datafield tag="260" ind1=" " ind2=" "><subfield code="a">[Bern] :</subfield><subfield code="b">[Bibliothek am Guisanplatz],</subfield><subfield code="c">[2015]</subfield></datafield><datafield tag="500" ind1=" " ind2=" "><subfield code="a">Titel von Digitalisat</subfield></datafield><datafield tag="516" ind1=" " ind2=" "><subfield code="a">PDF</subfield></datafield><datafield tag="534" ind1=" " ind2=" "><subfield code="p">Elektron. Reprod. der Ausg. von:</subfield><subfield code="c">Bern : E. Hortinus, 1732. -</subfield><subfield code="e">[20], 454 S. ; 17 cm</subfield></datafield><datafield tag="546" ind1=" " ind2=" "><subfield code="a">Deutsche, franz. und lat. Texte</subfield></datafield><datafield tag="700" ind1="1" ind2=" "><subfield code="a">Holzer, Johann Rudolf</subfield></datafield><datafield tag="710" ind1="1" ind2=" "><subfield code="a">Schweiz.</subfield></datafield><datafield tag="909" ind1=" " ind2=" "><subfield code="a">EOD</subfield><subfield code="2">BIG</subfield><subfield code="6">DIGI</subfield></datafield><datafield tag="AVD" ind1="0" ind2=" "><subfield code="b">12338635650001791</subfield><subfield code="g">BIG</subfield><subfield code="d">https://thisisallfake.example.com/view/delivery/thumbnail/41BIG_INST/12338635650001791</subfield><subfield code="e">Sammlung der vornehmsten Bündnussen, Verträgen, Vereinigungen etc., welche die Cron Franckrych mit loblicher Eydgnosssschafft und dero Zugewandten ins gesamt und ins besonders auffgerichtet </subfield><subfield code="c">https://thisisallfake.example.com/view/delivery/41BIG_INST/12338635650001791</subfield><subfield code="s">1 file/s (pdf)</subfield></datafield></record>
</metadata></record>