<record><header><identifier>oai:urm_publish:9925840703401791</identifier><datestamp>2016-05-02T08:06:51Z</datestamp><setSpec>TESTING_DIGI_TEST</setSpec><setSpec>TESTING_DIGI</setSpec></header><metadata xmlns:xsi="http://www.w3.org/2001/XMLSchema-instance">
<record xmlns="http://www.loc.gov/MARC21/slim" xmlns:xsi="http://www.w3.org/2001/XMLSchema-instance" xsi:schemaLocation="http://www.loc.gov/MARC21/slim http://www.loc.gov/standards/marcxml/schema/MARC21slim.xsd" ><leader>00943nam a2200205 a 4500</leader><controlfield tag="005">20150914102503.0</controlfield><controlfield tag="008">150914r20151624sz |||| s|||| 001 0 lat df</controlfield><controlfield tag="001">9925840703401791</controlfield><datafield tag="035" ind1=" " ind2=" "><subfield code="a">bv9925840703401791</subfield></datafield><datafield tag="040" ind1=" " ind2=" "><subfield code="a">BiG</subfield><subfield code="c">BiG</subfield></datafield><datafield tag="041" ind1="0" ind2=" "><subfield code="a">lat</subfield><subfield code="a">ger</subfield></datafield><datafield tag="100" ind1="1" ind2=" "><subfield code="a">Gross, Johann Georg,</subfield><subfield code="d">1581-1630.</subfield></datafield><datafield tag="245" ind1="1" ind2="0"><subfield code="a">Urbis Basil epitaphia et inscriptiones omnium templorum, curiae, academ. &amp; aliar. aedium public lat. &amp; german</subfield><subfield code="h">[Ressource électronique] :</subfield><subfield code="b">quibus reliquarum orbis urbium monumenta &amp; inscriptiones ... accesserunt  /</subfield><subfield code="c">cura &amp; labore M. Iohannis Grossii Pastoris Eccles. Leonard. ibid</subfield></datafield><datafield tag="260" ind1=" " ind2=" "><subfield code="a">[Berne] :</subfield><subfield code="b">[Bibliothèque Am Guisanplatz],</subfield><subfield code="c">[2015]</subfield></datafield><datafield tag="500" ind1=" " ind2=" "><subfield code="a">Titre de la numérisation</subfield></datafield><datafield tag="500" ind1=" " ind2=" "><subfield code="a">Index</subfield></datafield><datafield tag="516" ind1=" " ind2=" "><subfield code="a">PDF</subfield></datafield><datafield tag="534" ind1=" " ind2=" "><subfield code="p">Reprod. électronique de l'éd. de:</subfield><subfield code="c">Basileae : sumtibus Ioan. Iacobi Genathi, Acad. typographi, 1624. -</subfield><subfield code="e">[16], 502, [18] p. ; 17 cm</subfield></datafield><datafield tag="546" ind1=" " ind2=" "><subfield code="a">Textes latins et allemands</subfield></datafield><datafield tag="909" ind1=" " ind2=" "><subfield code="a">EOD</subfield><subfield code="2">BIG</subfield><subfield code="6">DIGI</subfield></datafield><datafield tag="AVD" ind1="0" ind2=" "><subfield code="b">12338635090001791</subfield><subfield code="d">https://thisisallfake.example.com/view/delivery/thumbnail/41BIG_INST/12338635090001791</subfield><subfield code="e">Urbis Basil epitaphia et inscriptiones omnium templorum, curiae, academ. &amp; aliar. aedium public lat. &amp; german quibus reliquarum orbis urbium monumenta &amp; inscriptiones ... accesserunt / cura &amp; labore M. Iohannis Grossii Pastoris Eccles. Leonard. ibid </subfield><subfield code="c">https://thisisallfake.example.com/view/delivery/41BIG_INST/12338635090001791</subfield><subfield code="s">1 file/s (G15A005050_1.pdf)</subfield></datafield></record>
</metadata></record>