<record><header><identifier>oai:urm_publish:9925840704401791</identifier><datestamp>2016-05-02T08:06:51Z</datestamp><setSpec>TESTING_DIGI_TEST</setSpec><setSpec>OAI_Sbib</setSpec><setSpec>TESTING_DIGI</setSpec></header><metadata xmlns:xsi="http://www.w3.org/2001/XMLSchema-instance">
<record xmlns="http://www.loc.gov/MARC21/slim" xmlns:xsi="http://www.w3.org/2001/XMLSchema-instance" xsi:schemaLocation="http://www.loc.gov/MARC21/slim http://www.loc.gov/standards/marcxml/schema/MARC21slim.xsd" ><leader>00956npm a2200217 a 4500</leader><controlfield tag="005">20160108154339.0</controlfield><controlfield tag="008">150911i17812015sz  |||  |||| 000 0 ger d</controlfield><controlfield tag="001">9925840704401791</controlfield><datafield tag="035" ind1=" " ind2=" "><subfield code="a">bv9925840704401791</subfield></datafield><datafield tag="040" ind1=" " ind2=" "><subfield code="a">BiG</subfield><subfield code="c">BiG</subfield></datafield><datafield tag="245" ind1="0" ind2="0"><subfield code="a">[Dokumente zur Ausstellung "Schritt für Schritt : die Geburt des modernen Schuhs"] :</subfield><subfield code="b">[Bibliothek am Guisanplatz, 06. Januar bis 27. März 2015] /</subfield><subfield code="c">[verantwortl.: Anna Weltert],</subfield><subfield code="f">1781-2015</subfield></datafield><datafield tag="300" ind1=" " ind2=" "><subfield code="a">1 Schachtel :</subfield><subfield code="b">Ill. ;</subfield><subfield code="c">47 x 33 x 11 cm</subfield></datafield><datafield tag="610" ind1="1" ind2="7"><subfield code="a">Schweiz</subfield><subfield code="b">Schweizer Armee</subfield><subfield code="0">(DE-101)001240293</subfield><subfield code="2">gnd</subfield></datafield><datafield tag="650" ind1=" " ind2="7"><subfield code="a">Schuh</subfield><subfield code="0">(DE-101)040534308</subfield><subfield code="2">gnd</subfield></datafield><datafield tag="650" ind1=" " ind2="7"><subfield code="a">Geschichte</subfield><subfield code="0">(DE-101)040205177</subfield><subfield code="2">gnd</subfield></datafield><datafield tag="651" ind1=" " ind2="7"><subfield code="a">Schweiz</subfield><subfield code="0">(DE-101)040538818</subfield><subfield code="2">GND</subfield></datafield><datafield tag="650" ind1=" " ind2="7"><subfield code="a">Historische Ausstellung</subfield><subfield code="0">(DE-101)043008496</subfield><subfield code="2">GND</subfield></datafield><datafield tag="700" ind1="1" ind2=" "><subfield code="a">Weltert, Anna Katharina</subfield></datafield><datafield tag="710" ind1="2" ind2=" "><subfield code="a">Bibliothek am Guisanplatz.</subfield><subfield code="b">Ausstellung</subfield><subfield code="d">(2015 :</subfield><subfield code="c">Bern, BE)</subfield></datafield><datafield tag="740" ind1="0" ind2=" "><subfield code="a">Schritt für Schritt : die Geburt des modernen Schuhs</subfield></datafield><datafield tag="945" ind1=" " ind2=" "><subfield code="a">100</subfield><subfield code="b">1914</subfield></datafield><datafield tag="AVD" ind1="0" ind2=" "><subfield code="b">12341863990001791</subfield><subfield code="d">https://thisisallfake.example.com/view/delivery/thumbnail/41BIG_INST/12341863990001791</subfield><subfield code="c">https://thisisallfake.example.com/view/delivery/41BIG_INST/12341863990001791</subfield></datafield></record>
</metadata></record>