<record><header><identifier>oai:urm_publish:9925840996001791</identifier><datestamp>2016-05-02T08:06:51Z</datestamp><setSpec>TESTING_DIGI_TEST</setSpec><setSpec>TESTING_DIGI</setSpec></header><metadata xmlns:xsi="http://www.w3.org/2001/XMLSchema-instance">
<record xmlns="http://www.loc.gov/MARC21/slim" xmlns:xsi="http://www.w3.org/2001/XMLSchema-instance" xsi:schemaLocation="http://www.loc.gov/MARC21/slim http://www.loc.gov/standards/marcxml/schema/MARC21slim.xsd" ><leader>01249nam a2200217 a 4500</leader><controlfield tag="005">20151001144701.0</controlfield><controlfield tag="008">131110r20151735gw |||| s|||| 001 0 ger d</controlfield><controlfield tag="001">9925840996001791</controlfield><datafield tag="035" ind1=" " ind2=" "><subfield code="a">bv9925840996001791</subfield></datafield><datafield tag="040" ind1=" " ind2=" "><subfield code="a">BiG</subfield><subfield code="c">BiG</subfield></datafield><datafield tag="100" ind1="1" ind2=" "><subfield code="a">Fäsch, Johann Rudolph</subfield></datafield><datafield tag="245" ind1="1" ind2="0"><subfield code="a">Kriegs-, Ingenieur-, Artillerie- und See-Lexicon</subfield><subfield code="h">[Elektronische Ressource] :</subfield><subfield code="b">worinnen Alles, was einem Officier, Ingenieur, Artilleristen und Seefahrenden, wie nicht weniger einem iedweden, absonderlich bey Lesung der Zeitungen, auch anderer Staats- und Historischen Schrifften, aus der Historie, Geographie, Arithmetique, Geometrie, Civil- und Militair-Bau-Kunst ... zu wissen nöthig, sattsam erkläret, und mit dienlichen Kupffern erläutert ist ... /</subfield><subfield code="c">hrsg. von Johann Rudolph Faesch</subfield></datafield><datafield tag="246" ind1="3" ind2=" "><subfield code="a">Kriegs-, Ingenieur-, Artillerie- und See-Lexikon</subfield><subfield code="h">[Elektronische Ressource]</subfield></datafield><datafield tag="260" ind1=" " ind2=" "><subfield code="a">[Bern] :</subfield><subfield code="b">[Bibliothek am Guisanplatz],</subfield><subfield code="c">[2015]</subfield></datafield><datafield tag="500" ind1=" " ind2=" "><subfield code="a">Titel von Digitalisat</subfield></datafield><datafield tag="500" ind1=" " ind2=" "><subfield code="a">Register</subfield></datafield><datafield tag="516" ind1=" " ind2=" "><subfield code="a">PDF</subfield></datafield><datafield tag="534" ind1=" " ind2=" "><subfield code="p">Elektron. Reprod. der Ausg. von:</subfield><subfield code="c">Dresden [etc.] : bey Friedrich Hekel, 1735. -</subfield><subfield code="e">[20], 1040 S., S. [1105]-1295 [i.e.1195], XXI Bl. Falttaf. : Ill. ; 22 cm</subfield></datafield><datafield tag="650" ind1=" " ind2="7"><subfield code="a">Lexika</subfield><subfield code="2">[midonas]</subfield></datafield><datafield tag="909" ind1=" " ind2=" "><subfield code="a">EOD</subfield><subfield code="2">BIG</subfield><subfield code="6">DIGI</subfield></datafield><datafield tag="999" ind1=" " ind2=" "><subfield code="a">volumen antiquum</subfield></datafield><datafield tag="AVD" ind1="0" ind2=" "><subfield code="b">12338742040001791</subfield><subfield code="g">BIG</subfield><subfield code="d">https://thisisallfake.example.com/view/delivery/thumbnail/41BIG_INST/12338742040001791</subfield><subfield code="e">Kriegs-, Ingenieur-, Artillerie- und See-Lexicon worinnen Alles, was einem Officier, Ingenieur, Artilleristen </subfield><subfield code="c">https://thisisallfake.example.com/view/delivery/41BIG_INST/12338742040001791</subfield><subfield code="s">1 file/s (pdf)</subfield></datafield></record>
</metadata></record>