<record><header><identifier>oai:urm_publish:9925841000401791</identifier><datestamp>2016-05-02T08:06:51Z</datestamp><setSpec>TESTING_DIGI_TEST</setSpec><setSpec>TESTING_DIGI</setSpec></header><metadata xmlns:xsi="http://www.w3.org/2001/XMLSchema-instance">
<record xmlns="http://www.loc.gov/MARC21/slim" xmlns:xsi="http://www.w3.org/2001/XMLSchema-instance" xsi:schemaLocation="http://www.loc.gov/MARC21/slim http://www.loc.gov/standards/marcxml/schema/MARC21slim.xsd" ><leader>00846nam a2200181 a 4500</leader><controlfield tag="005">20150929142733.0</controlfield><controlfield tag="008">131110r20151768sz |||| s|||| 001 0 fre d</controlfield><controlfield tag="001">9925841000401791</controlfield><datafield tag="035" ind1=" " ind2=" "><subfield code="a">bv9925841000401791</subfield></datafield><datafield tag="040" ind1=" " ind2=" "><subfield code="a">BiG</subfield><subfield code="c">BiG</subfield></datafield><datafield tag="100" ind1="1" ind2=" "><subfield code="a">Watteville, Alexandre-Louis de.</subfield></datafield><datafield tag="245" ind1="1" ind2="0"><subfield code="a">Histoire de la Confédération helvétique, et abrégé chronologique de l'histoire de la nation jusqu'à l'année 1664</subfield><subfield code="h">[Ressource électronique] /</subfield><subfield code="c">par Alexand. Louis de Watteville</subfield></datafield><datafield tag="260" ind1=" " ind2=" "><subfield code="a">[Berne] :</subfield><subfield code="b">[Bibliothèque Am Guisanplatz],</subfield><subfield code="c">[2015]</subfield></datafield><datafield tag="500" ind1=" " ind2=" "><subfield code="a">Titre de la numérisation</subfield></datafield><datafield tag="500" ind1=" " ind2=" "><subfield code="a">Index</subfield></datafield><datafield tag="516" ind1=" " ind2=" "><subfield code="a">PDF</subfield></datafield><datafield tag="534" ind1=" " ind2=" "><subfield code="p">Reprod. électronique de l'éd. de:</subfield><subfield code="c">Yverdon : [F.-B. de Félice], 1768,</subfield><subfield code="b">3e éd., considérablement augm., sur-tout des trois derniers livres &amp; des tables généalogiques. -</subfield><subfield code="e">2 vol. (266, 248 p.) ; 19 cm</subfield></datafield><datafield tag="909" ind1=" " ind2=" "><subfield code="a">EOD</subfield><subfield code="2">BIG</subfield><subfield code="6">DIGI</subfield></datafield><datafield tag="AVD" ind1="0" ind2=" "><subfield code="b">12338848960001791</subfield><subfield code="g">BIG</subfield><subfield code="d">https://thisisallfake.example.com/view/delivery/thumbnail/41BIG_INST/12338848960001791</subfield><subfield code="e">Histoire de la Confédération helvétique, et abrégé chronologique de l'histoire de la nation jusqu'à l'année 1664 Band 2</subfield><subfield code="c">https://thisisallfake.example.com/view/delivery/41BIG_INST/12338848960001791</subfield><subfield code="s">1 file/s (pdf)</subfield></datafield><datafield tag="AVD" ind1="0" ind2=" "><subfield code="b">12338849000001791</subfield><subfield code="g">BIG</subfield><subfield code="d">https://thisisallfake.example.com/view/delivery/thumbnail/41BIG_INST/12338849000001791</subfield><subfield code="e">Histoire de la Confédération helvétique, et abrégé chronologique de l'histoire de la nation jusqu'à l'année 1664 Band 1</subfield><subfield code="c">https://thisisallfake.example.com/view/delivery/41BIG_INST/12338849000001791</subfield><subfield code="s">1 file/s (pdf)</subfield></datafield></record>
</metadata></record>