<record><header><identifier>oai:urm_publish:9925842105901791</identifier><datestamp>2016-05-02T08:06:51Z</datestamp><setSpec>TESTING_DIGI_TEST</setSpec><setSpec>TESTING_DIGI</setSpec></header><metadata xmlns:xsi="http://www.w3.org/2001/XMLSchema-instance">
<record xmlns="http://www.loc.gov/MARC21/slim" xmlns:xsi="http://www.w3.org/2001/XMLSchema-instance" xsi:schemaLocation="http://www.loc.gov/MARC21/slim http://www.loc.gov/standards/marcxml/schema/MARC21slim.xsd" ><leader>05637nam a2200565 a 4500</leader><controlfield tag="005">20151201134004.0</controlfield><controlfield tag="008">131110r20151805sz |||| s|||| 001 0 ger d</controlfield><controlfield tag="001">9925842105901791</controlfield><datafield tag="035" ind1=" " ind2=" "><subfield code="a">bv9925842105901791</subfield></datafield><datafield tag="040" ind1=" " ind2=" "><subfield code="a">BiG</subfield><subfield code="c">BiG</subfield></datafield><datafield tag="245" ind1="0" ind2="4"><subfield code="a">Der Geschichten schweizerischer Eidgenossenschaft</subfield><subfield code="h">[Elektronische Ressource]</subfield></datafield><datafield tag="246" ind1="1" ind2="3"><subfield code="a">Johann von Müller's Geschichten schweizerischer Eidgenossenschaft</subfield><subfield code="h">[Elektronische Ressource]</subfield></datafield><datafield tag="246" ind1="1" ind2="3"><subfield code="a">Johann's von Müller und Robert Glutz Blotzheims Geschichten schweizerischer Eidgenossenschaft, fortgesetzt von Johann Jakob Hottinger</subfield><subfield code="h">[Elektronische Ressource]</subfield></datafield><datafield tag="246" ind1="1" ind2="3"><subfield code="a">Johann von Müller's, R. Glutz Blotzheim's und J.J. Hottinger's Geschichten schweizerischer Eidgenossenschaft, fortgesetzt von L. Vulliemin</subfield><subfield code="h">[Elektronische Ressource]</subfield></datafield><datafield tag="246" ind1="1" ind2="3"><subfield code="a">Johann von Müller's, R. Glutz Blotzheim's, J.J. Hottinger's und L. Vulliemin's Geschichten schweizerischer Eidgenossenschaft, fortgesetzt von K. Monnard</subfield><subfield code="h">[Elektronische Ressource]</subfield></datafield><datafield tag="260" ind1=" " ind2=" "><subfield code="a">[Bern] :</subfield><subfield code="b">[Bibliothek am Guisanplatz (BiG)],</subfield><subfield code="c">[2015]</subfield></datafield><datafield tag="500" ind1=" " ind2=" "><subfield code="a">Titel von Digitalisat</subfield></datafield><datafield tag="505" ind1="0" ind2=" "><subfield code="a">Theil 1: Von des Volks Ursprung / durch Johann von Müller. - Neue verb. und vermehrte Aufl. - 1806. - LX, 648 S. ; Ill.</subfield></datafield><datafield tag="505" ind1="0" ind2=" "><subfield code="a">Theil 2: Von dem Aufblühen der ewigen Bünde / durch Johann von Müller. - Neue verb. und vermehrte Aufl. - 1806. - IV, 771 S.</subfield></datafield><datafield tag="505" ind1="0" ind2=" "><subfield code="a">Theil 3: Bis auf den ersten französischen Krieg / durch Johann von Müller. - Neue verb. und vermehrte Aufl. - 1806. - VI, 707 S.</subfield></datafield><datafield tag="505" ind1="0" ind2=" "><subfield code="a">Theil 4: Bis auf die Zeiten des burgundischen Kriegs / durch Johann von Müller. - 1805. - XVI, 774 S.</subfield></datafield><datafield tag="505" ind1="0" ind2=" "><subfield code="a">Theil 5, Abt. 1: durch Johann von Müller. - 1808. - X, 416 S.</subfield></datafield><datafield tag="505" ind1="0" ind2=" "><subfield code="a">Theil 5, Abt. 2: Geschichte der Eidgenossen vom Tode des Bürgermeisters Waldmann bis zum ewigen Frieden mit Frankreich / von Robert Glutz-Blozheim. - 1816. - XVI, 551 S. - Register</subfield></datafield><datafield tag="505" ind1="0" ind2=" "><subfield code="a">Bd. 6: Geschichte der Eidgenossen während der Zeiten der Kirchentrennung (Abt. 1) / von Johann Jakob Hottinger. - 1825. - XVI, 504 S. - Register</subfield></datafield><datafield tag="505" ind1="0" ind2=" "><subfield code="a">Bd. 7: Geschichte der Eidgenossen während der Zeiten der Kirchentrennung (Abt. 2) / von Johann Jakob Hottinger. - 1829. - XVI, 522 S. - Register</subfield></datafield><datafield tag="505" ind1="0" ind2=" "><subfield code="a">Bd. 8: Geschichte der Eidgenossen während des 16. und 17. Jahrhunderts (Theil 1) / von L. Vulliemin ; aus dem Franz. - 1842. - XXX, 466 S.</subfield></datafield><datafield tag="505" ind1="0" ind2=" "><subfield code="a">Bd. 9: Geschichte der Eidgenossen während des 16. und 17. Jahrhunderts (Theil 2) / von L. Vulliemin ; aus dem Franz. - 1844. - VI, 706 S.</subfield></datafield><datafield tag="505" ind1="0" ind2=" "><subfield code="a">Bd. 10: Geschichte der Eidgenossen während des 17. und 18. Jahrhunderts (Theil 3) / von L. Vulliemin ; aus dem Franz. - 1845. - IV, 663 S.</subfield></datafield><datafield tag="505" ind1="0" ind2=" "><subfield code="a">Bd. 11: Geschichte der Eidgenossen während des 18. und der ersten Decennien des 19. Jahrhunderts (Theil 1) / von K. Monnard ; aus dem Franz. - 1847. - XX, 682 S.</subfield></datafield><datafield tag="505" ind1="0" ind2=" "><subfield code="a">Bd. 12: Geschichte der Eidgenossen während des 18. und der ersten Decennien des 19. Jahrhunderts (Theil 2) / von K. Monnard ; aus dem Franz. - 1848. - 719 S.</subfield></datafield><datafield tag="505" ind1="0" ind2=" "><subfield code="a">Bd. 13: Geschichte der Eidgenossen während des 18. und der ersten Decennien des 19. Jahrhunderts (Theil 3) / von K. Monnard ; aus dem Franz. - 1849. - 477 S.</subfield></datafield><datafield tag="505" ind1="0" ind2=" "><subfield code="a">Bd. 14: Geschichte der Eidgenossen während des 18. und der ersten Decennien des 19. Jahrhunderts (Theil 4) / von K. Monnard ; aus dem Franz. - 1851. - 443 S.</subfield></datafield><datafield tag="505" ind1="0" ind2=" "><subfield code="a">Bd. 15: Geschichte der Eidgenossen während des 18. und der ersten Decennien des 19. Jahrhunderts (Theil 5) / von K. Monnard ; aus dem Franz. - 1853. - 563 S.</subfield></datafield><datafield tag="505" ind1="0" ind2=" "><subfield code="a">Sach- und Personenregister zu den Geschichten schweizerischer Eidgenossenschaft von Johann von Müller und Robert Glutz-Blotzheim : welches sich auf die fünf ersten Bände und des fünften Bandes zweyte Abtheilung von Glutz-Blotzheim ausdehnt. - 1832. - 363 S.</subfield></datafield><datafield tag="516" ind1=" " ind2=" "><subfield code="a">PDF</subfield></datafield><datafield tag="534" ind1=" " ind2=" "><subfield code="p">Elektron. Reprod. der Ausg. von:</subfield><subfield code="c">Leipzig : in der Weidmannischen Buchhandlung etc., 1805-1853,</subfield><subfield code="b">versch. Aufl. -</subfield><subfield code="e">17 Bd. ; 22 cm</subfield></datafield><datafield tag="650" ind1=" " ind2="7"><subfield code="a">Geschichte</subfield><subfield code="0">(DE-101)040205177</subfield><subfield code="2">GND</subfield></datafield><datafield tag="651" ind1=" " ind2="7"><subfield code="a">Schweiz</subfield><subfield code="0">(DE-101)040538818</subfield><subfield code="2">GND</subfield></datafield><datafield tag="700" ind1="1" ind2=" "><subfield code="a">Müller, Johannes von. -</subfield><subfield code="t">Von des Volks Ursprung</subfield><subfield code="h">[Elektronische Ressource]</subfield></datafield><datafield tag="700" ind1="1" ind2=" "><subfield code="a">Müller, Johannes von. -</subfield><subfield code="t">Von dem Aufblühen der ewigen Bünde</subfield><subfield code="h">[Elektronische Ressource]</subfield></datafield><datafield tag="700" ind1="1" ind2=" "><subfield code="a">Müller, Johannes von. -</subfield><subfield code="t">Bis auf den ersten französischen Krieg</subfield><subfield code="h">[Elektronische Ressource]</subfield></datafield><datafield tag="700" ind1="1" ind2=" "><subfield code="a">Müller, Johannes von. -</subfield><subfield code="t">Bis auf die Zeiten des burgundischen Kriegs</subfield><subfield code="h">[Elektronische Ressource]</subfield></datafield><datafield tag="700" ind1="1" ind2=" "><subfield code="a">Glutz-Blotzheim, Robert,</subfield><subfield code="d">1768-1818. -</subfield><subfield code="t">Geschichte der Eidgenossen vom Tode des Bürgermeisters Waldmann bis zum ewigen Frieden mit Frankreich</subfield><subfield code="h">[Elektronische Ressource]</subfield></datafield><datafield tag="700" ind1="1" ind2=" "><subfield code="a">Hottinger, Johann Jakob,</subfield><subfield code="d">1783-1860. -</subfield><subfield code="t">Geschichte der Eidgenossen während der Zeiten der Kirchentrennung</subfield><subfield code="h">[Elektronische Ressource]</subfield></datafield><datafield tag="700" ind1="1" ind2=" "><subfield code="a">Vulliemin, Louis. -</subfield><subfield code="t">Geschichte der Eidgenossen während des 16. und 17. Jahrhunderts</subfield><subfield code="h">[Elektronische Ressource]</subfield></datafield><datafield tag="700" ind1="1" ind2=" "><subfield code="a">Vulliemin, Louis. -</subfield><subfield code="t">Geschichte der Eidgenossen während des 17. und 18. Jahrhunderts</subfield><subfield code="h">[Elektronische Ressource]</subfield></datafield><datafield tag="700" ind1="1" ind2=" "><subfield code="a">Monnard, Charles. -</subfield><subfield code="t">Geschichte der Eidgenossen während des 18. und der ersten Decennien des 19. Jahrhunderts</subfield><subfield code="h">[Elektronische Ressource]</subfield></datafield><datafield tag="740" ind1="0" ind2=" "><subfield code="a">Sach- und Personenregister zu den Geschichten schweizerischer Eidgenossenschaft von Johann von Müller und Robert Glutz-Blotzheim</subfield><subfield code="h">[Elektronische Ressource]</subfield></datafield><datafield tag="909" ind1=" " ind2=" "><subfield code="a">EOD</subfield><subfield code="2">BIG</subfield><subfield code="6">DIGI</subfield></datafield><datafield tag="945" ind1=" " ind2=" "><subfield code="b">1853</subfield><subfield code="c">500</subfield></datafield><datafield tag="AVD" ind1="0" ind2=" "><subfield code="b">12339469880001791</subfield><subfield code="g">BIG</subfield><subfield code="d">https://thisisallfake.example.com/view/delivery/thumbnail/41BIG_INST/12339469880001791</subfield><subfield code="e">Der Geschichten schweizerischer Eidgenossenschaft Band 16 Register</subfield><subfield code="c">https://thisisallfake.example.com/view/delivery/41BIG_INST/12339469880001791</subfield><subfield code="s">1 file/s (pdf)</subfield></datafield><datafield tag="AVD" ind1="0" ind2=" "><subfield code="b">12339439340001791</subfield><subfield code="d">https://thisisallfake.example.com/view/delivery/thumbnail/41BIG_INST/12339439340001791</subfield><subfield code="e">Der Geschichten schweizerischer Eidgenossenschaft Band 2</subfield><subfield code="c">https://thisisallfake.example.com/view/delivery/41BIG_INST/12339439340001791</subfield><subfield code="s">1 file/s (pdf)</subfield></datafield><datafield tag="AVD" ind1="0" ind2=" "><subfield code="b">12339439360001791</subfield><subfield code="g">BIG</subfield><subfield code="d">https://thisisallfake.example.com/view/delivery/thumbnail/41BIG_INST/12339439360001791</subfield><subfield code="e">Der Geschichten schweizerischer Eidgenossenschaft  Band 1</subfield><subfield code="c">https://thisisallfake.example.com/view/delivery/41BIG_INST/12339439360001791</subfield><subfield code="s">1 file/s (pdf)</subfield></datafield><datafield tag="AVD" ind1="0" ind2=" "><subfield code="b">12339469920001791</subfield><subfield code="g">BIG</subfield><subfield code="d">https://thisisallfake.example.com/view/delivery/thumbnail/41BIG_INST/12339469920001791</subfield><subfield code="e">Der Geschichten schweizerischer Eidgenossenschaft Band 14</subfield><subfield code="c">https://thisisallfake.example.com/view/delivery/41BIG_INST/12339469920001791</subfield><subfield code="s">1 file/s (pdf)</subfield></datafield><datafield tag="AVD" ind1="0" ind2=" "><subfield code="b">12339439320001791</subfield><subfield code="g">BIG</subfield><subfield code="d">https://thisisallfake.example.com/view/delivery/thumbnail/41BIG_INST/12339439320001791</subfield><subfield code="e">Der Geschichten schweizerischer Eidgenossenschaft Band 3</subfield><subfield code="c">https://thisisallfake.example.com/view/delivery/41BIG_INST/12339439320001791</subfield><subfield code="s">1 file/s (pdf)</subfield></datafield><datafield tag="AVD" ind1="0" ind2=" "><subfield code="b">12339439300001791</subfield><subfield code="g">BIG</subfield><subfield code="d">https://thisisallfake.example.com/view/delivery/thumbnail/41BIG_INST/12339439300001791</subfield><subfield code="e">Der Geschichten schweizerischer Eidgenossenschaft Band 4</subfield><subfield code="c">https://thisisallfake.example.com/view/delivery/41BIG_INST/12339439300001791</subfield><subfield code="s">1 file/s (pdf)</subfield></datafield><datafield tag="AVD" ind1="0" ind2=" "><subfield code="b">12339439210001791</subfield><subfield code="g">BIG</subfield><subfield code="d">https://thisisallfake.example.com/view/delivery/thumbnail/41BIG_INST/12339439210001791</subfield><subfield code="e">Der Geschichten schweizerischer Eidgenossenschaft Band 6</subfield><subfield code="c">https://thisisallfake.example.com/view/delivery/41BIG_INST/12339439210001791</subfield><subfield code="s">1 file/s (pdf)</subfield></datafield><datafield tag="AVD" ind1="0" ind2=" "><subfield code="b">12339470000001791</subfield><subfield code="g">BIG</subfield><subfield code="d">https://thisisallfake.example.com/view/delivery/thumbnail/41BIG_INST/12339470000001791</subfield><subfield code="e">Der Geschichten schweizerischer Eidgenossenschaft Band 10</subfield><subfield code="c">https://thisisallfake.example.com/view/delivery/41BIG_INST/12339470000001791</subfield><subfield code="s">1 file/s (pdf)</subfield></datafield><datafield tag="AVD" ind1="0" ind2=" "><subfield code="b">12339439240001791</subfield><subfield code="g">BIG</subfield><subfield code="d">https://thisisallfake.example.com/view/delivery/thumbnail/41BIG_INST/12339439240001791</subfield><subfield code="e">Der Geschichten schweizerischer Eidgenossenschaft Band 5.2</subfield><subfield code="c">https://thisisallfake.example.com/view/delivery/41BIG_INST/12339439240001791</subfield><subfield code="s">1 file/s (pdf)</subfield></datafield><datafield tag="AVD" ind1="0" ind2=" "><subfield code="b">12339439260001791</subfield><subfield code="g">BIG</subfield><subfield code="d">https://thisisallfake.example.com/view/delivery/thumbnail/41BIG_INST/12339439260001791</subfield><subfield code="e">Der Geschichten schweizerischer Eidgenossenschaft Band 5.1</subfield><subfield code="c">https://thisisallfake.example.com/view/delivery/41BIG_INST/12339439260001791</subfield><subfield code="s">1 file/s (pdf)</subfield></datafield><datafield tag="AVD" ind1="0" ind2=" "><subfield code="b">12339439190001791</subfield><subfield code="g">BIG</subfield><subfield code="d">https://thisisallfake.example.com/view/delivery/thumbnail/41BIG_INST/12339439190001791</subfield><subfield code="e">Der Geschichten schweizerischer Eidgenossenschaft Band 7</subfield><subfield code="c">https://thisisallfake.example.com/view/delivery/41BIG_INST/12339439190001791</subfield><subfield code="s">1 file/s (pdf)</subfield></datafield><datafield tag="AVD" ind1="0" ind2=" "><subfield code="b">12339469960001791</subfield><subfield code="g">BIG</subfield><subfield code="d">https://thisisallfake.example.com/view/delivery/thumbnail/41BIG_INST/12339469960001791</subfield><subfield code="e">Der Geschichten schweizerischer Eidgenossenschaft Band 12</subfield><subfield code="c">https://thisisallfake.example.com/view/delivery/41BIG_INST/12339469960001791</subfield><subfield code="s">1 file/s (pdf)</subfield></datafield><datafield tag="AVD" ind1="0" ind2=" "><subfield code="b">12339469900001791</subfield><subfield code="d">https://thisisallfake.example.com/view/delivery/thumbnail/41BIG_INST/12339469900001791</subfield><subfield code="e">Der Geschichten schweizerischer Eidgenossenschaft Band 15</subfield><subfield code="c">https://thisisallfake.example.com/view/delivery/41BIG_INST/12339469900001791</subfield><subfield code="s">1 file/s (pdf)</subfield></datafield><datafield tag="AVD" ind1="0" ind2=" "><subfield code="b">12339439170001791</subfield><subfield code="g">BIG</subfield><subfield code="d">https://thisisallfake.example.com/view/delivery/thumbnail/41BIG_INST/12339439170001791</subfield><subfield code="e">Der Geschichten schweizerischer Eidgenossenschaft Band 8</subfield><subfield code="c">https://thisisallfake.example.com/view/delivery/41BIG_INST/12339439170001791</subfield><subfield code="s">1 file/s (pdf)</subfield></datafield><datafield tag="AVD" ind1="0" ind2=" "><subfield code="b">12339469940001791</subfield><subfield code="g">BIG</subfield><subfield code="d">https://thisisallfake.example.com/view/delivery/thumbnail/41BIG_INST/12339469940001791</subfield><subfield code="e">Der Geschichten schweizerischer Eidgenossenschaft Band 13</subfield><subfield code="c">https://thisisallfake.example.com/view/delivery/41BIG_INST/12339469940001791</subfield><subfield code="s">1 file/s (pdf)</subfield></datafield><datafield tag="AVD" ind1="0" ind2=" "><subfield code="b">12339469980001791</subfield><subfield code="g">BIG</subfield><subfield code="d">https://thisisallfake.example.com/view/delivery/thumbnail/41BIG_INST/12339469980001791</subfield><subfield code="e">Der Geschichten schweizerischer Eidgenossenschaft Band 11</subfield><subfield code="c">https://thisisallfake.example.com/view/delivery/41BIG_INST/12339469980001791</subfield><subfield code="s">1 file/s (pdf)</subfield></datafield><datafield tag="AVD" ind1="0" ind2=" "><subfield code="b">12339439140001791</subfield><subfield code="g">BIG</subfield><subfield code="d">https://thisisallfake.example.com/view/delivery/thumbnail/41BIG_INST/12339439140001791</subfield><subfield code="e">Der Geschichten schweizerischer Eidgenossenschaft Band 9</subfield><subfield code="c">https://thisisallfake.example.com/view/delivery/41BIG_INST/12339439140001791</subfield><subfield code="s">1 file/s (pdf)</subfield></datafield></record>
</metadata></record>