<record><header><identifier>oai:urm_publish:9925846405701791</identifier><datestamp>2016-05-02T08:06:51Z</datestamp><setSpec>TESTING_DIGI_TEST</setSpec><setSpec>TESTING_DIGI</setSpec></header><metadata xmlns:xsi="http://www.w3.org/2001/XMLSchema-instance">
<record xmlns="http://www.loc.gov/MARC21/slim" xmlns:xsi="http://www.w3.org/2001/XMLSchema-instance" xsi:schemaLocation="http://www.loc.gov/MARC21/slim http://www.loc.gov/standards/marcxml/schema/MARC21slim.xsd" ><leader>01350nam a2200181 a 4500</leader><controlfield tag="005">20151102124522.0</controlfield><controlfield tag="008">131110r20151837sz |||| s|||| 000 0 ger d</controlfield><controlfield tag="001">9925846405701791</controlfield><datafield tag="035" ind1=" " ind2=" "><subfield code="a">bv9925846405701791</subfield></datafield><datafield tag="040" ind1=" " ind2=" "><subfield code="a">BiG</subfield><subfield code="c">BiG</subfield></datafield><datafield tag="245" ind1="0" ind2="0"><subfield code="a">Inbegriff der für die eidgenössische Miliz u. Landwehr nothwendigsten und vorzüglich geeignetsten militairischen Exercitien in Friedenszeiten, um sie auf die Stunde der Gefahr zur Vertheidigung und zum Kampfe für's Vaterland stets bereit zu halten</subfield><subfield code="h">[Elektronische Ressource] :</subfield><subfield code="b">nämlich: theoretisch-practische Anleitung zum Gebrauch des Bajonets als Stoss- und Schlagwaffe /</subfield><subfield code="c">zusammengetragen, geordnet und vermehrt durch einen Graubündner-Offizier</subfield></datafield><datafield tag="246" ind1="3" ind2=" "><subfield code="a">Inbegriff der für die eidgenössische Miliz uund Landwehr notwendigsten und vorzüglich geeignetsten militärischen Exerzitien in Friedenszeiten, um sie auf die Stunde der Gefahr zur Verteidigung und zum Kampfe für's Vaterland stets bereit zu halten</subfield><subfield code="h">[Elektronische Ressource]</subfield></datafield><datafield tag="260" ind1=" " ind2=" "><subfield code="a">[Bern] :</subfield><subfield code="b">[Bibliothek am Guisanplatz],</subfield><subfield code="c">[2015]</subfield></datafield><datafield tag="500" ind1=" " ind2=" "><subfield code="a">Am Kopf des Titelbl.: Schweizerische Eidgenossenschaft</subfield></datafield><datafield tag="500" ind1=" " ind2=" "><subfield code="a">Titel vom Digitalisat</subfield></datafield><datafield tag="516" ind1=" " ind2=" "><subfield code="a">PDF</subfield></datafield><datafield tag="534" ind1=" " ind2=" "><subfield code="p">Elektron. Reprod. der Ausg. von:</subfield><subfield code="c">Chur : Pradella, 1837. -</subfield><subfield code="e">VIII, 226 S., VII Bl. Falttaf. : Ill. ; 18 cm</subfield></datafield><datafield tag="909" ind1=" " ind2=" "><subfield code="a">EOD</subfield><subfield code="2">BIG</subfield><subfield code="6">DIGI</subfield></datafield><datafield tag="AVD" ind1="0" ind2=" "><subfield code="b">12339409980001791</subfield><subfield code="g">BIG</subfield><subfield code="d">https://thisisallfake.example.com/view/delivery/thumbnail/41BIG_INST/12339409980001791</subfield><subfield code="e">Inbegriff der für die eidgenössische Miliz u. Landwehr</subfield><subfield code="c">https://thisisallfake.example.com/view/delivery/41BIG_INST/12339409980001791</subfield><subfield code="s">1 file/s (pdf)</subfield></datafield></record>
</metadata></record>