<record><header><identifier>oai:urm_publish:9925847206101791</identifier><datestamp>2016-05-02T08:06:51Z</datestamp><setSpec>TESTING_DIGI_TEST</setSpec><setSpec>TESTING_DIGI</setSpec></header><metadata xmlns:xsi="http://www.w3.org/2001/XMLSchema-instance">
<record xmlns="http://www.loc.gov/MARC21/slim" xmlns:xsi="http://www.w3.org/2001/XMLSchema-instance" xsi:schemaLocation="http://www.loc.gov/MARC21/slim http://www.loc.gov/standards/marcxml/schema/MARC21slim.xsd" ><leader>01080nam a2200229 a 4500</leader><controlfield tag="005">20160105114457.0</controlfield><controlfield tag="008">131110r20151690sz |||| s|||| 001 0 ger d</controlfield><controlfield tag="008">       2015</controlfield><controlfield tag="001">9925847206101791</controlfield><datafield tag="035" ind1=" " ind2=" "><subfield code="a">bv9925839997601791</subfield></datafield><datafield tag="040" ind1=" " ind2=" "><subfield code="a">BiG</subfield><subfield code="c">BiG</subfield></datafield><datafield tag="100" ind1="1" ind2=" "><subfield code="a">Rahn, Johann Heinrich,</subfield><subfield code="d">1646-1708</subfield></datafield><datafield tag="245" ind1="1" ind2="0"><subfield code="a">Eidtgnössische Geschicht-Beschreibung</subfield><subfield code="h">[Elektronische Ressource] :</subfield><subfield code="b">das ist kurtzer Begriff aller in den Loblichen XIII und zugewandten Orthen der Eidtgnossschaft, wie auch deronächst angrentzenden Landen sint dem Anfang des helvetischen Namens biss auf das lauffende 1690. Jahr ... wie auch den actis publicis selbs zusammen getragen /</subfield><subfield code="c">durch Johann Heinrich Rahn</subfield></datafield><datafield tag="246" ind1="3" ind2=" "><subfield code="a">Eidgenössische Geschicht-Beschreibung</subfield><subfield code="h">[Elektronische Ressource]</subfield></datafield><datafield tag="260" ind1=" " ind2=" "><subfield code="c">November 04, 2015</subfield></datafield><datafield tag="260" ind1=" " ind2=" "><subfield code="a">[Bern] :</subfield><subfield code="b">[Bibliothek am Guisanplatz],</subfield><subfield code="c">[2015]</subfield></datafield><datafield tag="500" ind1=" " ind2=" "><subfield code="a">Titel von Digitalisat</subfield></datafield><datafield tag="500" ind1=" " ind2=" "><subfield code="a">Register</subfield></datafield><datafield tag="516" ind1=" " ind2=" "><subfield code="a">PDF</subfield></datafield><datafield tag="534" ind1=" " ind2=" "><subfield code="p">Elektron. Reprod. der Ausg. von:</subfield><subfield code="c">Zürich : Simmler, 1690. -</subfield><subfield code="e">1172, [100] S. ; 17 cm</subfield></datafield><datafield tag="909" ind1=" " ind2=" "><subfield code="a">EOD</subfield><subfield code="2">BIG</subfield><subfield code="6">DIGI</subfield></datafield><datafield tag="910" ind1=" " ind2=" "><subfield code="2">BIG</subfield><subfield code="6">DIGI</subfield></datafield><datafield tag="AVD" ind1="0" ind2=" "><subfield code="b">12339399750001791</subfield><subfield code="g">BIG</subfield><subfield code="d">https://thisisallfake.example.com/view/delivery/thumbnail/41BIG_INST/12339399750001791</subfield><subfield code="c">https://thisisallfake.example.com/view/delivery/41BIG_INST/12339399750001791</subfield><subfield code="s">1 file/s (pdf)</subfield></datafield></record>
</metadata></record>