<record><header><identifier>oai:urm_publish:9925847505601791</identifier><datestamp>2016-05-02T08:06:51Z</datestamp><setSpec>TESTING_DIGI_TEST</setSpec><setSpec>TESTING_DIGI</setSpec></header><metadata xmlns:xsi="http://www.w3.org/2001/XMLSchema-instance">
<record xmlns="http://www.loc.gov/MARC21/slim" xmlns:xsi="http://www.w3.org/2001/XMLSchema-instance" xsi:schemaLocation="http://www.loc.gov/MARC21/slim http://www.loc.gov/standards/marcxml/schema/MARC21slim.xsd" ><leader>00936nam a2200205 a 4500</leader><controlfield tag="005">20151105171708.0</controlfield><controlfield tag="008">131110r20151904sz |||| s|||| 001 0 ger d</controlfield><controlfield tag="001">9925847505601791</controlfield><datafield tag="035" ind1=" " ind2=" "><subfield code="a">bv9925847505601791</subfield></datafield><datafield tag="040" ind1=" " ind2=" "><subfield code="a">BiG</subfield><subfield code="c">BiG</subfield></datafield><datafield tag="100" ind1="1" ind2=" "><subfield code="a">Wettstein, Walter</subfield></datafield><datafield tag="245" ind1="1" ind2="0"><subfield code="a">Register (Orts-, Personen- und Sachregister) zu Dr. K. Dändlikers "Geschichte der Schweiz"</subfield><subfield code="h">[Elektronische Ressource] :</subfield><subfield code="b">I. Band 3. und 4. Auflage und II. und III. Band 2. und 3. Auflage /</subfield><subfield code="c">hergestellt unter Mitw. des Verf. von Walter Wettstein</subfield></datafield><datafield tag="260" ind1=" " ind2=" "><subfield code="a">[Bern] :</subfield><subfield code="b">[Bibliothek am Guisanplatz (BiG)],</subfield><subfield code="c">2015</subfield></datafield><datafield tag="500" ind1=" " ind2=" "><subfield code="a">Titel von Digitalisat</subfield></datafield><datafield tag="516" ind1=" " ind2=" "><subfield code="a">PDF</subfield></datafield><datafield tag="534" ind1=" " ind2=" "><subfield code="p">Elektron. Reprod. der Ausg. von:</subfield><subfield code="c">Zürich : Schulthess, 1904. -</subfield><subfield code="e">63 S. ; 24 cm</subfield></datafield><datafield tag="650" ind1=" " ind2="7"><subfield code="a">Geschichte</subfield><subfield code="0">(DE-101)040205177</subfield><subfield code="2">gnd</subfield></datafield><datafield tag="651" ind1=" " ind2="7"><subfield code="a">Schweiz</subfield><subfield code="0">(DE-101)040538818</subfield><subfield code="2">gnd</subfield></datafield><datafield tag="700" ind1="1" ind2=" "><subfield code="a">Dändliker, Karl. -</subfield><subfield code="t">Geschichte der Schweiz</subfield><subfield code="h">[Elektronische Ressource]</subfield></datafield><datafield tag="909" ind1=" " ind2=" "><subfield code="a">EOD</subfield><subfield code="2">BIG</subfield><subfield code="6">DIGI</subfield></datafield><datafield tag="AVD" ind1="0" ind2=" "><subfield code="b">12339778300001791</subfield><subfield code="g">BIG</subfield><subfield code="d">https://thisisallfake.example.com/view/delivery/thumbnail/41BIG_INST/12339778300001791</subfield><subfield code="e">Register (Orts-, Personen- und Sachregister) zu Dr. K. Dändlikers "Geschichte der Schweiz Register</subfield><subfield code="c">https://thisisallfake.example.com/view/delivery/41BIG_INST/12339778300001791</subfield><subfield code="s">1 file/s (pdf)</subfield></datafield></record>
</metadata></record>