<record><header><identifier>oai:urm_publish:9925848505701791</identifier><datestamp>2016-05-02T08:06:51Z</datestamp><setSpec>TESTING_DIGI_TEST</setSpec><setSpec>TESTING_DIGI</setSpec></header><metadata xmlns:xsi="http://www.w3.org/2001/XMLSchema-instance">
<record xmlns="http://www.loc.gov/MARC21/slim" xmlns:xsi="http://www.w3.org/2001/XMLSchema-instance" xsi:schemaLocation="http://www.loc.gov/MARC21/slim http://www.loc.gov/standards/marcxml/schema/MARC21slim.xsd" ><leader>01262nam a2200325 a 4500</leader><controlfield tag="005">20160105114457.0</controlfield><controlfield tag="008">131110r20151684sz |||| s|||| 001 0 fre d</controlfield><controlfield tag="001">9925848505701791</controlfield><datafield tag="035" ind1=" " ind2=" "><subfield code="a">bv9925848904201791</subfield></datafield><datafield tag="040" ind1=" " ind2=" "><subfield code="a">BiG</subfield><subfield code="c">BiG</subfield></datafield><datafield tag="041" ind1="1" ind2=" "><subfield code="a">fre</subfield><subfield code="h">lat</subfield></datafield><datafield tag="100" ind1="1" ind2=" "><subfield code="a">Vitruvius Pollio, Marcus</subfield></datafield><datafield tag="245" ind1="1" ind2="4"><subfield code="a">Les dix livres d'architecture de Vitruve</subfield><subfield code="h">[Ressource électronique] /</subfield><subfield code="c">corrigez et traduits nouvellement en françois, avec des notes &amp; des figures</subfield></datafield><datafield tag="260" ind1=" " ind2=" "><subfield code="a">[Berne] :</subfield><subfield code="b">[Bibliothèque Am Guisanplatz],</subfield><subfield code="c">[2015]</subfield></datafield><datafield tag="500" ind1=" " ind2=" "><subfield code="a">Trad. de: De architectura libri decem</subfield></datafield><datafield tag="500" ind1=" " ind2=" "><subfield code="a">Titre de la numérisation</subfield></datafield><datafield tag="500" ind1=" " ind2=" "><subfield code="a">Index</subfield></datafield><datafield tag="516" ind1=" " ind2=" "><subfield code="a">PDF</subfield></datafield><datafield tag="534" ind1=" " ind2=" "><subfield code="p">Reprod. électronique de l'éd. de:</subfield><subfield code="c">Paris : Jean Baptiste Coignard, 1684,</subfield><subfield code="b">2e éd. rev., corrigée, &amp; augmentée / par M. Perrault. -</subfield><subfield code="e">[10], 354, [14] p. : ill. ; 43 cm</subfield></datafield><datafield tag="650" ind1=" " ind2="7"><subfield code="a">Römisches Reich</subfield><subfield code="2">[midonas]</subfield></datafield><datafield tag="650" ind1=" " ind2="7"><subfield code="a">Altertum</subfield><subfield code="2">[midonas]</subfield></datafield><datafield tag="650" ind1=" " ind2="7"><subfield code="a">Architektur</subfield><subfield code="2">[midonas]</subfield></datafield><datafield tag="651" ind1=" " ind2="7"><subfield code="a">Italien</subfield><subfield code="2">[midonas]</subfield></datafield><datafield tag="700" ind1="1" ind2=" "><subfield code="a">Perrault, Claude</subfield></datafield><datafield tag="700" ind1="1" ind2=" "><subfield code="a">Vitruvius Pollio, Marcus. -</subfield><subfield code="t">De architectura libri decem</subfield><subfield code="h">[Ressource électronique]</subfield><subfield code="l">(français)</subfield></datafield><datafield tag="909" ind1=" " ind2=" "><subfield code="a">EOD</subfield><subfield code="2">BIG</subfield><subfield code="6">DIGI</subfield></datafield><datafield tag="909" ind1=" " ind2=" "><subfield code="a">EOD</subfield><subfield code="2">BIG</subfield><subfield code="6">DIGI</subfield></datafield><datafield tag="910" ind1=" " ind2=" "><subfield code="2">BIG</subfield><subfield code="6">DIGI</subfield></datafield><datafield tag="945" ind1=" " ind2=" "><subfield code="b">0</subfield><subfield code="c">100</subfield></datafield><datafield tag="999" ind1=" " ind2=" "><subfield code="a">Volumen antiquum</subfield></datafield><datafield tag="AVD" ind1="0" ind2=" "><subfield code="b">12339527960001791</subfield><subfield code="d">https://thisisallfake.example.com/view/delivery/thumbnail/41BIG_INST/12339527960001791</subfield><subfield code="c">https://thisisallfake.example.com/view/delivery/41BIG_INST/12339527960001791</subfield><subfield code="s">1 file/s (pdf)</subfield></datafield></record>
</metadata></record>