<record><header><identifier>oai:urm_publish:9925848505801791</identifier><datestamp>2016-05-02T08:06:51Z</datestamp><setSpec>TESTING_DIGI_TEST</setSpec><setSpec>TESTING_DIGI</setSpec></header><metadata xmlns:xsi="http://www.w3.org/2001/XMLSchema-instance">
<record xmlns="http://www.loc.gov/MARC21/slim" xmlns:xsi="http://www.w3.org/2001/XMLSchema-instance" xsi:schemaLocation="http://www.loc.gov/MARC21/slim http://www.loc.gov/standards/marcxml/schema/MARC21slim.xsd" ><leader>00725nam a2200181 a 4500</leader><controlfield tag="005">20160105114457.0</controlfield><controlfield tag="008">131110r20151629sz |||| s|||| 000 0 lat d</controlfield><controlfield tag="001">9925848505801791</controlfield><datafield tag="035" ind1=" " ind2=" "><subfield code="a">bv9925840505501791</subfield></datafield><datafield tag="040" ind1=" " ind2=" "><subfield code="a">EMB</subfield><subfield code="c">SAZ</subfield><subfield code="d">BiG</subfield></datafield><datafield tag="100" ind1="1" ind2=" "><subfield code="a">Sprecher von Bernegg, Fortunat.</subfield></datafield><datafield tag="245" ind1="1" ind2="0"><subfield code="a">Historia motuum et bellorum postremis hisce annis in Rhaetia excitatorum et gestorum</subfield><subfield code="h">[Ressource électronique] /</subfield><subfield code="c">authore Fortunato Sprechero a Berneck</subfield></datafield><datafield tag="260" ind1=" " ind2=" "><subfield code="a">[Berne] :</subfield><subfield code="b">[Bibliothèque Am Guisanplatz],</subfield><subfield code="c">[2015]</subfield></datafield><datafield tag="500" ind1=" " ind2=" "><subfield code="a">Titre de la numérisation</subfield></datafield><datafield tag="516" ind1=" " ind2=" "><subfield code="a">PDF</subfield></datafield><datafield tag="534" ind1=" " ind2=" "><subfield code="p">Reprod. électronique de l'éd. de:</subfield><subfield code="c">Coloniae Allobrogum [Genève] : P. Chouët, 1629. -</subfield><subfield code="e">510 p. ; 23 cm</subfield></datafield><datafield tag="909" ind1=" " ind2=" "><subfield code="a">EOD</subfield><subfield code="2">BIG</subfield><subfield code="6">DIGI</subfield></datafield><datafield tag="910" ind1=" " ind2=" "><subfield code="2">BIG</subfield><subfield code="6">DIGI</subfield></datafield><datafield tag="AVD" ind1="0" ind2=" "><subfield code="b">12339528430001791</subfield><subfield code="d">https://thisisallfake.example.com/view/delivery/thumbnail/41BIG_INST/12339528430001791</subfield><subfield code="c">https://thisisallfake.example.com/view/delivery/41BIG_INST/12339528430001791</subfield><subfield code="s">1 file/s (pdf)</subfield></datafield></record>
</metadata></record>