<record><header><identifier>oai:urm_publish:9925848505901791</identifier><datestamp>2016-05-02T08:06:51Z</datestamp><setSpec>TESTING_DIGI_TEST</setSpec><setSpec>TESTING_DIGI</setSpec></header><metadata xmlns:xsi="http://www.w3.org/2001/XMLSchema-instance">
<record xmlns="http://www.loc.gov/MARC21/slim" xmlns:xsi="http://www.w3.org/2001/XMLSchema-instance" xsi:schemaLocation="http://www.loc.gov/MARC21/slim http://www.loc.gov/standards/marcxml/schema/MARC21slim.xsd" ><leader>00983nas a22002532a 4500</leader><controlfield tag="005">20160105114457.0</controlfield><controlfield tag="008">131110d18041807sz ar    |||| 000  0ger d</controlfield><controlfield tag="001">9925848505901791</controlfield><datafield tag="035" ind1=" " ind2=" "><subfield code="a">bv9925848505901791</subfield></datafield><datafield tag="035" ind1=" " ind2=" "><subfield code="a">vtls000571429-41big_inst</subfield></datafield><datafield tag="039" ind1=" " ind2="9"><subfield code="a">201105150902</subfield><subfield code="b">VLOAD</subfield><subfield code="y">200305291317</subfield><subfield code="z">load</subfield></datafield><datafield tag="040" ind1=" " ind2=" "><subfield code="a">EMB</subfield><subfield code="c">SAZ</subfield></datafield><datafield tag="245" ind1="0" ind2="0"><subfield code="a">Neues Militärarchiv</subfield><subfield code="h">[Periodicum] [Elektronische Resource] /</subfield><subfield code="c">bearbeitet von einer Gesellschaft erfahrner Deutscher und Schweizer-Offiziere</subfield></datafield><datafield tag="246" ind1="1" ind2=" "><subfield code="i">Titel 1807:</subfield><subfield code="a">Militärarchiv</subfield><subfield code="h">[Periodicum] [Elektronische Resource]</subfield></datafield><datafield tag="260" ind1="3" ind2=" "><subfield code="3">1807</subfield><subfield code="a">Bern :</subfield><subfield code="b">typographische Societät</subfield></datafield><datafield tag="260" ind1=" " ind2=" "><subfield code="a">Zürich :</subfield><subfield code="b">Orell, Füssli und Compagnie,</subfield><subfield code="c">1804-1807</subfield></datafield><datafield tag="260" ind1="3" ind2=" "><subfield code="3">1807</subfield><subfield code="a">Bern :</subfield><subfield code="b">typographische Societät</subfield></datafield><datafield tag="300" ind1=" " ind2=" "><subfield code="c">20 cm</subfield></datafield><datafield tag="310" ind1=" " ind2=" "><subfield code="a">Jährl.</subfield></datafield><datafield tag="362" ind1="0" ind2=" "><subfield code="a">Bd. 1 (1804)-Bd. 4 (1807)</subfield></datafield><datafield tag="550" ind1=" " ind2=" "><subfield code="a">Herausgeg. von mehreren Offiziers, 1807</subfield></datafield><datafield tag="776" ind1="0" ind2="8"><subfield code="i">Online-Ausg.:</subfield><subfield code="t">Neues Militärarchiv</subfield><subfield code="w">bv01300141</subfield></datafield><datafield tag="909" ind1=" " ind2=" "><subfield code="a">EOD</subfield><subfield code="2">BIG</subfield><subfield code="6">DIGI</subfield></datafield><datafield tag="910" ind1=" " ind2=" "><subfield code="2">BIG</subfield><subfield code="6">DIGI</subfield></datafield><datafield tag="AVD" ind1="0" ind2=" "><subfield code="b">12339579530001791</subfield><subfield code="d">https://thisisallfake.example.com/view/delivery/thumbnail/41BIG_INST/12339579530001791</subfield><subfield code="c">https://thisisallfake.example.com/view/delivery/41BIG_INST/12339579530001791</subfield><subfield code="s">2 file/s (pdf)</subfield></datafield></record>
</metadata></record>