<record><header><identifier>oai:urm_publish:9925850200401791</identifier><datestamp>2016-05-02T08:06:51Z</datestamp><setSpec>TESTING_DIGI_TEST</setSpec><setSpec>TESTING_DIGI</setSpec></header><metadata xmlns:xsi="http://www.w3.org/2001/XMLSchema-instance">
<record xmlns="http://www.loc.gov/MARC21/slim" xmlns:xsi="http://www.w3.org/2001/XMLSchema-instance" xsi:schemaLocation="http://www.loc.gov/MARC21/slim http://www.loc.gov/standards/marcxml/schema/MARC21slim.xsd" ><leader>01212nas a2200253 a 4500</leader><controlfield tag="005">20160427072542.0</controlfield><controlfield tag="008">140724d18391847sz ar   s|||| 0    0ger  </controlfield><controlfield tag="001">9925850200401791</controlfield><datafield tag="035" ind1=" " ind2=" "><subfield code="a">bv9925850200401791</subfield></datafield><datafield tag="040" ind1=" " ind2=" "><subfield code="a">Sz</subfield><subfield code="c">Sz</subfield></datafield><datafield tag="245" ind1="0" ind2="0"><subfield code="a">Schweizerischer Bilderkalender für das Jahr ...</subfield><subfield code="h">[Elektronische Ressource] [Periodicum]</subfield></datafield><datafield tag="260" ind1="3" ind2=" "><subfield code="a">Solothurn :</subfield><subfield code="b">Gassmann Sohn,</subfield><subfield code="c">1839-[1847]</subfield></datafield><datafield tag="260" ind1="3" ind2=" "><subfield code="3">1843-</subfield><subfield code="a">Solothurn :</subfield><subfield code="b">X. Amiet</subfield></datafield><datafield tag="300" ind1=" " ind2=" "><subfield code="a">Online-Ressource</subfield></datafield><datafield tag="362" ind1="0" ind2=" "><subfield code="a">1839-</subfield></datafield><datafield tag="362" ind1="1" ind2=" "><subfield code="a">Endet mit Jg. 9 (1847)</subfield></datafield><datafield tag="500" ind1=" " ind2=" "><subfield code="a">Titel von der gedruckten Ausg. (gesehen am 18.11.2015)</subfield></datafield><datafield tag="516" ind1=" " ind2=" "><subfield code="a">PDF</subfield></datafield><datafield tag="580" ind1=" " ind2=" "><subfield code="a">Fusioniert mit: Illustrirter Schweizer-Kalender für das Jahr ..., und bildet: Illustrirter Schweizer-Kalender für ..., des schweizerischen Bilder-Kalenders</subfield></datafield><datafield tag="776" ind1="0" ind2="8"><subfield code="i">Gedruckte Ausg.:</subfield><subfield code="t">Schweizerischer Bilderkalender für das Jahr ...</subfield><subfield code="w">bv9925849703801791</subfield></datafield><datafield tag="785" ind1="1" ind2="7"><subfield code="t">Illustrirter Schweizer-Kalender für das Jahr ...</subfield><subfield code="h">[Elektronische Ressource]</subfield><subfield code="w">bv9925850200501791</subfield></datafield><datafield tag="785" ind1="1" ind2="7"><subfield code="t">Illustrirter Schweizer-Kalender für ..., des schweizerischen Bilder-Kalenders</subfield><subfield code="h">[Elektronische Ressource]</subfield><subfield code="w">bv9925850200601791</subfield></datafield><datafield tag="909" ind1=" " ind2=" "><subfield code="a">EOD</subfield><subfield code="2">BIG</subfield><subfield code="6">DIGI</subfield></datafield><datafield tag="910" ind1=" " ind2=" "><subfield code="2">BIG</subfield><subfield code="6">DIGI</subfield></datafield><datafield tag="AVD" ind1="0" ind2=" "><subfield code="b">12340239940001791</subfield><subfield code="g">BIG</subfield><subfield code="d">https://thisisallfake.example.com/view/delivery/thumbnail/41BIG_INST/12340239940001791</subfield><subfield code="e">Schweizerischer Bilderkalender für das Jahr 1841</subfield><subfield code="c">https://thisisallfake.example.com/view/delivery/41BIG_INST/12340239940001791</subfield><subfield code="s">1 file/s (pdf)</subfield></datafield><datafield tag="AVD" ind1="0" ind2=" "><subfield code="b">12340239990001791</subfield><subfield code="g">BIG</subfield><subfield code="d">https://thisisallfake.example.com/view/delivery/thumbnail/41BIG_INST/12340239990001791</subfield><subfield code="e">Schweizerischer Bilderkalender für das Jahr 1839</subfield><subfield code="c">https://thisisallfake.example.com/view/delivery/41BIG_INST/12340239990001791</subfield><subfield code="s">1 file/s (pdf)</subfield></datafield><datafield tag="AVD" ind1="0" ind2=" "><subfield code="b">12340239900001791</subfield><subfield code="g">BIG</subfield><subfield code="d">https://thisisallfake.example.com/view/delivery/thumbnail/41BIG_INST/12340239900001791</subfield><subfield code="e">Schweizerischer Bilderkalender für das Jahr 1843</subfield><subfield code="c">https://thisisallfake.example.com/view/delivery/41BIG_INST/12340239900001791</subfield><subfield code="s">1 file/s (pdf)</subfield></datafield><datafield tag="AVD" ind1="0" ind2=" "><subfield code="b">12340239960001791</subfield><subfield code="g">BIG</subfield><subfield code="d">https://thisisallfake.example.com/view/delivery/thumbnail/41BIG_INST/12340239960001791</subfield><subfield code="e">Schweizerischer Bilderkalender für das Jahr 1840</subfield><subfield code="c">https://thisisallfake.example.com/view/delivery/41BIG_INST/12340239960001791</subfield><subfield code="s">1 file/s (pdf)</subfield></datafield><datafield tag="AVD" ind1="0" ind2=" "><subfield code="b">12340239920001791</subfield><subfield code="g">BIG</subfield><subfield code="d">https://thisisallfake.example.com/view/delivery/thumbnail/41BIG_INST/12340239920001791</subfield><subfield code="e">Schweizerischer Bilderkalender für das Jahr 1842</subfield><subfield code="c">https://thisisallfake.example.com/view/delivery/41BIG_INST/12340239920001791</subfield><subfield code="s">1 file/s (pdf)</subfield></datafield><datafield tag="AVD" ind1="0" ind2=" "><subfield code="b">12340239840001791</subfield><subfield code="g">BIG</subfield><subfield code="d">https://thisisallfake.example.com/view/delivery/thumbnail/41BIG_INST/12340239840001791</subfield><subfield code="e">Schweizerischer Bilderkalender für das Jahr 1846</subfield><subfield code="c">https://thisisallfake.example.com/view/delivery/41BIG_INST/12340239840001791</subfield><subfield code="s">1 file/s (pdf)</subfield></datafield><datafield tag="AVD" ind1="0" ind2=" "><subfield code="b">12340239860001791</subfield><subfield code="g">BIG</subfield><subfield code="d">https://thisisallfake.example.com/view/delivery/thumbnail/41BIG_INST/12340239860001791</subfield><subfield code="e">Schweizerischer Bilderkalender für das Jahr 1845</subfield><subfield code="c">https://thisisallfake.example.com/view/delivery/41BIG_INST/12340239860001791</subfield><subfield code="s">1 file/s (pdf)</subfield></datafield><datafield tag="AVD" ind1="0" ind2=" "><subfield code="b">12340239880001791</subfield><subfield code="g">BIG</subfield><subfield code="d">https://thisisallfake.example.com/view/delivery/thumbnail/41BIG_INST/12340239880001791</subfield><subfield code="e">Schweizerischer Bilderkalender für das Jahr 1844</subfield><subfield code="c">https://thisisallfake.example.com/view/delivery/41BIG_INST/12340239880001791</subfield><subfield code="s">1 file/s (pdf)</subfield></datafield></record>
</metadata></record>