<record><header><identifier>oai:urm_publish:9925850305501791</identifier><datestamp>2016-05-02T08:06:51Z</datestamp><setSpec>TESTING_DIGI_TEST</setSpec><setSpec>TESTING_DIGI</setSpec></header><metadata xmlns:xsi="http://www.w3.org/2001/XMLSchema-instance">
<record xmlns="http://www.loc.gov/MARC21/slim" xmlns:xsi="http://www.w3.org/2001/XMLSchema-instance" xsi:schemaLocation="http://www.loc.gov/MARC21/slim http://www.loc.gov/standards/marcxml/schema/MARC21slim.xsd" ><leader>00690ntm a2200181 a 4500</leader><controlfield tag="005">20160427072542.0</controlfield><controlfield tag="008">131110r2015uuuuxx |||| s|||| 000 0 ger d</controlfield><controlfield tag="001">9925850305501791</controlfield><datafield tag="035" ind1=" " ind2=" "><subfield code="a">bv995483714101791</subfield></datafield><datafield tag="040" ind1=" " ind2=" "><subfield code="a">BiG</subfield><subfield code="c">BiG</subfield></datafield><datafield tag="100" ind1="1" ind2=" "><subfield code="a">Grauhoffer</subfield></datafield><datafield tag="245" ind1="1" ind2="0"><subfield code="a">Exerzierbuch für Musquetten und Spiessen, Regimentsordnung, Hochgerichtsformb, Punds und Beybrieffs zwischen Ludwig XIV und den XIII Orten v. 1658</subfield><subfield code="h">[Elektronische Ressource]</subfield></datafield><datafield tag="260" ind1=" " ind2=" "><subfield code="a">[Bern] :</subfield><subfield code="b">[Bibliothek am Guisanplatz],</subfield><subfield code="c">[2015]</subfield></datafield><datafield tag="500" ind1=" " ind2=" "><subfield code="a">Urheber: Grauhoffer</subfield></datafield><datafield tag="500" ind1=" " ind2=" "><subfield code="a">Titel von Digitalisat</subfield></datafield><datafield tag="516" ind1=" " ind2=" "><subfield code="a">PDF</subfield></datafield><datafield tag="534" ind1=" " ind2=" "><subfield code="p">Elektron. Reprod.</subfield><subfield code="c">einer Handschrift. -</subfield><subfield code="e">1Bd. : Ill. ; 18 x 25 cm</subfield></datafield><datafield tag="909" ind1=" " ind2=" "><subfield code="a">EOD</subfield><subfield code="2">BIG</subfield><subfield code="6">DIGI</subfield></datafield><datafield tag="AVD" ind1="0" ind2=" "><subfield code="b">12339929850001791</subfield><subfield code="g">BIG</subfield><subfield code="d">https://thisisallfake.example.com/view/delivery/thumbnail/41BIG_INST/12339929850001791</subfield><subfield code="e">Exerzierbuch für Musquetten und Spiessen,</subfield><subfield code="c">https://thisisallfake.example.com/view/delivery/41BIG_INST/12339929850001791</subfield><subfield code="s">1 file/s (pdf)</subfield></datafield></record>
</metadata></record>