<record><header><identifier>oai:urm_publish:9925851804801791</identifier><datestamp>2016-05-02T08:06:51Z</datestamp><setSpec>TESTING_DIGI_TEST</setSpec><setSpec>TESTING_DIGI</setSpec><setSpec>EOD_BIG</setSpec></header><metadata xmlns:xsi="http://www.w3.org/2001/XMLSchema-instance">
<record xmlns="http://www.loc.gov/MARC21/slim" xmlns:xsi="http://www.w3.org/2001/XMLSchema-instance" xsi:schemaLocation="http://www.loc.gov/MARC21/slim http://www.loc.gov/standards/marcxml/schema/MARC21slim.xsd" ><leader>01337nas a22002412a 4500</leader><controlfield tag="005">20160412132624.0</controlfield><controlfield tag="008">131110d17981801sz fn p s    f000 a0ger d</controlfield><controlfield tag="001">9925851804801791</controlfield><datafield tag="035" ind1=" " ind2=" "><subfield code="a">bv9925851804801791</subfield></datafield><datafield tag="039" ind1=" " ind2="9"><subfield code="a">201105151205</subfield><subfield code="b">VLOAD</subfield><subfield code="y">200305291320</subfield><subfield code="z">load</subfield></datafield><datafield tag="040" ind1=" " ind2=" "><subfield code="a">EMB</subfield><subfield code="c">SAZ</subfield></datafield><datafield tag="245" ind1="0" ind2="0"><subfield code="a">Tageblatt der Gesetze und Dekrete der gesetzgebenden Räthe</subfield><subfield code="h">[Elektronische Ressource] [Periodicum]</subfield></datafield><datafield tag="246" ind1="1" ind2=" "><subfield code="i">Titel H. 2 (1798):</subfield><subfield code="a">Tageblatt der Gesetze und Dekrete der gesetzgebenden Räthe, nebst den Beschlüssen und Proklamationen des vollziehenden Direktoriums der helvetischen Republik</subfield><subfield code="h">[Elektronische Ressource] [Periodicum]</subfield></datafield><datafield tag="246" ind1="1" ind2=" "><subfield code="i">Titel H. 3 (1799)-H. 5 (1800):</subfield><subfield code="a">Tageblatt der Gesetze und Dekrete der gesetzgebenden Räte der helvetischen Republik</subfield><subfield code="h">[Elektronische Ressource] [Periodicum]</subfield></datafield><datafield tag="246" ind1="1" ind2=" "><subfield code="i">Titel H. 6 (1801):</subfield><subfield code="a">Tageblatt der allgemeinen Beschlüsse und Verordnungen der helvetischen Republik</subfield><subfield code="h">[Elektronische Ressource] [Periodicum]</subfield></datafield><datafield tag="260" ind1=" " ind2=" "><subfield code="a">Bern :</subfield><subfield code="b">Nationalbuchdruckerei,</subfield><subfield code="c">1800-1801</subfield></datafield><datafield tag="300" ind1=" " ind2=" "><subfield code="a">Online-Ressource</subfield></datafield><datafield tag="310" ind1=" " ind2=" "><subfield code="a">Ca. 2x jährl.</subfield></datafield><datafield tag="362" ind1="0" ind2=" "><subfield code="a">H. 1 (1798)-H. 6 (1801)</subfield></datafield><datafield tag="516" ind1=" " ind2=" "><subfield code="a">PDF</subfield></datafield><datafield tag="500" ind1=" " ind2=" "><subfield code="a">Titel von der gedruckten Ausg. (gesehen am 25.11.2015)</subfield></datafield><datafield tag="776" ind1="0" ind2="8"><subfield code="i">Gedruckte Ausg.:</subfield><subfield code="t">Tageblatt der Gesetze und Dekrete der gesetzgebenden Räthe</subfield><subfield code="w">bv01324831</subfield></datafield><datafield tag="909" ind1=" " ind2=" "><subfield code="a">EOD</subfield><subfield code="2">BIG</subfield><subfield code="6">DIGI</subfield></datafield><datafield tag="AVD" ind1="0" ind2=" "><subfield code="b">12340939850001791</subfield><subfield code="g">BIG</subfield><subfield code="d">https://thisisallfake.example.com/view/delivery/thumbnail/41BIG_INST/12340939850001791</subfield><subfield code="e">Tageblatt der Gesetze und Dekrete der gesetzgebenden Räthe  Band 6</subfield><subfield code="c">https://thisisallfake.example.com/view/delivery/41BIG_INST/12340939850001791</subfield><subfield code="s">1 file/s (pdf)</subfield></datafield><datafield tag="AVD" ind1="0" ind2=" "><subfield code="b">12340939950001791</subfield><subfield code="g">BIG</subfield><subfield code="d">https://thisisallfake.example.com/view/delivery/thumbnail/41BIG_INST/12340939950001791</subfield><subfield code="e">Tageblatt der Gesetze und Dekrete der gesetzgebenden Räthe Band 3</subfield><subfield code="c">https://thisisallfake.example.com/view/delivery/41BIG_INST/12340939950001791</subfield><subfield code="s">1 file/s (pdf)</subfield></datafield><datafield tag="AVD" ind1="0" ind2=" "><subfield code="b">12340939970001791</subfield><subfield code="g">BIG</subfield><subfield code="d">https://thisisallfake.example.com/view/delivery/thumbnail/41BIG_INST/12340939970001791</subfield><subfield code="e">Tageblatt der Gesetze und Dekrete der gesetzgebenden Räthe Band 2</subfield><subfield code="c">https://thisisallfake.example.com/view/delivery/41BIG_INST/12340939970001791</subfield><subfield code="s">1 file/s (pdf)</subfield></datafield><datafield tag="AVD" ind1="0" ind2=" "><subfield code="b">12340939990001791</subfield><subfield code="g">BIG</subfield><subfield code="d">https://thisisallfake.example.com/view/delivery/thumbnail/41BIG_INST/12340939990001791</subfield><subfield code="e">Tageblatt der Gesetze und Dekrete der gesetzgebenden Räthe Band 1</subfield><subfield code="c">https://thisisallfake.example.com/view/delivery/41BIG_INST/12340939990001791</subfield><subfield code="s">1 file/s (pdf)</subfield></datafield><datafield tag="AVD" ind1="0" ind2=" "><subfield code="b">12340939930001791</subfield><subfield code="g">BIG</subfield><subfield code="d">https://thisisallfake.example.com/view/delivery/thumbnail/41BIG_INST/12340939930001791</subfield><subfield code="e">Tageblatt der Gesetze und Dekrete der gesetzgebenden Räthe Band 4</subfield><subfield code="c">https://thisisallfake.example.com/view/delivery/41BIG_INST/12340939930001791</subfield><subfield code="s">1 file/s (pdf)</subfield></datafield><datafield tag="AVD" ind1="0" ind2=" "><subfield code="b">12340939890001791</subfield><subfield code="d">https://thisisallfake.example.com/view/delivery/thumbnail/41BIG_INST/12340939890001791</subfield><subfield code="e">Tageblatt der Gesetze und Dekrete der gesetzgebenden Räthe Band 5</subfield><subfield code="c">https://thisisallfake.example.com/view/delivery/41BIG_INST/12340939890001791</subfield><subfield code="s">1 file/s (pdf)</subfield></datafield></record>
</metadata></record>