<record><header><identifier>oai:urm_publish:9925853204801791</identifier><datestamp>2016-05-02T08:06:51Z</datestamp><setSpec>TESTING_DIGI_TEST</setSpec><setSpec>TESTING_DIGI</setSpec></header><metadata xmlns:xsi="http://www.w3.org/2001/XMLSchema-instance">
<record xmlns="http://www.loc.gov/MARC21/slim" xmlns:xsi="http://www.w3.org/2001/XMLSchema-instance" xsi:schemaLocation="http://www.loc.gov/MARC21/slim http://www.loc.gov/standards/marcxml/schema/MARC21slim.xsd" ><leader>01458nam a2200277 a 4500</leader><controlfield tag="005">20160427072542.0</controlfield><controlfield tag="008">131110r20151880sz |||| s|||| 000 0 fre d</controlfield><controlfield tag="001">9925853204801791</controlfield><datafield tag="035" ind1=" " ind2=" "><subfield code="a">bv9925853204801791</subfield></datafield><datafield tag="040" ind1=" " ind2=" "><subfield code="a">BiG</subfield><subfield code="c">BiG</subfield></datafield><datafield tag="100" ind1="1" ind2=" "><subfield code="a">Gaberel, Jean Pierre,</subfield><subfield code="d">1810-1889.</subfield></datafield><datafield tag="245" ind1="1" ind2="4"><subfield code="a">Les guerres de Genève aux XVIme et XVIIme siècles et l'Escalade, 12 décembre 1602</subfield><subfield code="h">[Ressource électronique] /</subfield><subfield code="c">par J. Gaberel</subfield></datafield><datafield tag="260" ind1=" " ind2=" "><subfield code="a">[Berne] :</subfield><subfield code="b">[Bibliothèque Am Guisanplatz],</subfield><subfield code="c">[2015]</subfield></datafield><datafield tag="500" ind1=" " ind2=" "><subfield code="a">Titre de la numérisation</subfield></datafield><datafield tag="516" ind1=" " ind2=" "><subfield code="a">PDF</subfield></datafield><datafield tag="520" ind1="3" ind2=" "><subfield code="a">Guerre de la Réformation; Calvin forme des centaines de missionnaires (p. 24-25); Emmanuel-Philibert poursuit ses intrigues, interrompues par sa mort, en 1580; guerre de 1580-1594, détresse de Genève; amitié de Henri IV, secours pécuniaires fournis par les genevois au prince de Navarre; avertissement de Lesdiguières (p. 95); les traîtres(employés d'arsenal, mecontents de leur paie, achetes par Charles-Emmanuel) (p.118-119). - Ouvrage de reference, accompagné de pièces.</subfield><subfield code="5">[VBS]</subfield></datafield><datafield tag="534" ind1=" " ind2=" "><subfield code="p">Reprod. électronique de l'éd. de:</subfield><subfield code="c">Genève : Charles Schuchardt, 1880. -</subfield><subfield code="e">420 p. : ill. ; 23 cm</subfield></datafield><datafield tag="650" ind1=" " ind2="7"><subfield code="a">Reformation</subfield><subfield code="2">[midonas]</subfield></datafield><datafield tag="650" ind1=" " ind2="7"><subfield code="a">Biographien</subfield><subfield code="2">[midonas]</subfield></datafield><datafield tag="650" ind1=" " ind2="7"><subfield code="a">Geschichte</subfield><subfield code="2">[midonas]</subfield></datafield><datafield tag="650" ind1=" " ind2="7"><subfield code="a">Escalade</subfield><subfield code="2">[midonas]</subfield></datafield><datafield tag="651" ind1=" " ind2="7"><subfield code="a">Genève</subfield><subfield code="2">[midonas]</subfield></datafield><datafield tag="651" ind1=" " ind2="7"><subfield code="a">Savoyen</subfield><subfield code="2">[midonas]</subfield></datafield><datafield tag="651" ind1=" " ind2="7"><subfield code="a">Schweiz</subfield><subfield code="2">[midonas]</subfield></datafield><datafield tag="909" ind1=" " ind2=" "><subfield code="a">EOD</subfield><subfield code="2">BIG</subfield><subfield code="6">DIGI</subfield></datafield><datafield tag="945" ind1=" " ind2=" "><subfield code="a">1528</subfield><subfield code="b">1602</subfield></datafield><datafield tag="AVD" ind1="0" ind2=" "><subfield code="b">12341649670001791</subfield><subfield code="g">BIG</subfield><subfield code="d">https://thisisallfake.example.com/view/delivery/thumbnail/41BIG_INST/12341649670001791</subfield><subfield code="e">Les guerres de Genève aux XVIme et XVIIme siècles et l'Escalade</subfield><subfield code="c">https://thisisallfake.example.com/view/delivery/41BIG_INST/12341649670001791</subfield><subfield code="s">1 file/s (pdf)</subfield></datafield></record>
</metadata></record>