<record><header><identifier>oai:urm_publish:9925853305001791</identifier><datestamp>2016-05-02T08:06:51Z</datestamp><setSpec>TESTING_DIGI_TEST</setSpec><setSpec>TESTING_DIGI</setSpec></header><metadata xmlns:xsi="http://www.w3.org/2001/XMLSchema-instance">
<record xmlns="http://www.loc.gov/MARC21/slim" xmlns:xsi="http://www.w3.org/2001/XMLSchema-instance" xsi:schemaLocation="http://www.loc.gov/MARC21/slim http://www.loc.gov/standards/marcxml/schema/MARC21slim.xsd" ><leader>00761nam a2200181 a 4500</leader><controlfield tag="005">20160427072543.0</controlfield><controlfield tag="008">131110r20151787sz |||| s||||s000 0 fre d</controlfield><controlfield tag="001">9925853305001791</controlfield><datafield tag="035" ind1=" " ind2=" "><subfield code="a">bv9925853305001791</subfield></datafield><datafield tag="040" ind1=" " ind2=" "><subfield code="a">BiG</subfield><subfield code="c">BiG</subfield></datafield><datafield tag="110" ind1="1" ind2=" "><subfield code="a">Bern (Stadt und Republik)</subfield></datafield><datafield tag="245" ind1="1" ind2="0"><subfield code="a">Ordonnance concernant l'exercice et les évolutions de l'infanterie</subfield><subfield code="h">[Ressource électronique]</subfield></datafield><datafield tag="260" ind1=" " ind2=" "><subfield code="a">[Berne] :</subfield><subfield code="b">[Bibliothèque Am Guisanplatz],</subfield><subfield code="c">[2015]</subfield></datafield><datafield tag="500" ind1=" " ind2=" "><subfield code="a">Titre de la numérisation</subfield></datafield><datafield tag="516" ind1=" " ind2=" "><subfield code="a">PDF</subfield></datafield><datafield tag="534" ind1=" " ind2=" "><subfield code="p">Reprod. électronique de l'éd. de:</subfield><subfield code="c">Berne : à l'Imprimerie de LL. EE., 1787. -</subfield><subfield code="e">72 p., VI f. de dépl. ; 20 cm</subfield></datafield><datafield tag="710" ind1="1" ind2=" "><subfield code="a">Bern (Stadt und Republik). -</subfield><subfield code="t">[Gesetze und Verordnungen</subfield><subfield code="h">(Elektronische Ressource).</subfield><subfield code="l">(français).</subfield><subfield code="f">1787.]</subfield></datafield><datafield tag="909" ind1=" " ind2=" "><subfield code="a">EOD</subfield><subfield code="2">BIG</subfield><subfield code="6">DIGI</subfield></datafield><datafield tag="AVD" ind1="0" ind2=" "><subfield code="b">12340469990001791</subfield><subfield code="g">BIG</subfield><subfield code="d">https://thisisallfake.example.com/view/delivery/thumbnail/41BIG_INST/12340469990001791</subfield><subfield code="e">Ordonnance concernant l'exercice</subfield><subfield code="c">https://thisisallfake.example.com/view/delivery/41BIG_INST/12340469990001791</subfield><subfield code="s">1 file/s (pdf)</subfield></datafield></record>
</metadata></record>