<record><header><identifier>oai:urm_publish:9925853804701791</identifier><datestamp>2016-05-02T08:06:51Z</datestamp><setSpec>TESTING_DIGI_TEST</setSpec><setSpec>TESTING_DIGI</setSpec></header><metadata xmlns:xsi="http://www.w3.org/2001/XMLSchema-instance">
<record xmlns="http://www.loc.gov/MARC21/slim" xmlns:xsi="http://www.w3.org/2001/XMLSchema-instance" xsi:schemaLocation="http://www.loc.gov/MARC21/slim http://www.loc.gov/standards/marcxml/schema/MARC21slim.xsd" ><leader>00971nas a22002532a 4500</leader><controlfield tag="005">20160427072543.0</controlfield><controlfield tag="008">131110duuuuuuuusz uu p s     0    0ger d</controlfield><controlfield tag="001">9925853804701791</controlfield><datafield tag="035" ind1=" " ind2=" "><subfield code="a">bv9925853804701791</subfield></datafield><datafield tag="039" ind1=" " ind2="9"><subfield code="a">201307161318</subfield><subfield code="b">afabig</subfield><subfield code="c">201212291855</subfield><subfield code="d">afabig</subfield><subfield code="c">201209241136</subfield><subfield code="d">afabig</subfield><subfield code="c">201206290841</subfield><subfield code="d">gvebfs</subfield><subfield code="y">201206281659</subfield><subfield code="z">nadbig</subfield></datafield><datafield tag="040" ind1=" " ind2=" "><subfield code="a">BiG</subfield><subfield code="c">BiG</subfield></datafield><datafield tag="245" ind1="0" ind2="0"><subfield code="a">Helvetischer Staats-Almanach für das Jahr ...</subfield><subfield code="h">[Elektronische Ressource] [Periodicum]</subfield></datafield><datafield tag="260" ind1=" " ind2=" "><subfield code="a">Bern :</subfield><subfield code="b">Gruner und Gessner</subfield></datafield><datafield tag="260" ind1="3" ind2=" "><subfield code="a">Bern :</subfield><subfield code="b">J. A. Ochs</subfield></datafield><datafield tag="300" ind1=" " ind2=" "><subfield code="a">Online-Ressource</subfield></datafield><datafield tag="500" ind1=" " ind2=" "><subfield code="a">Beschreibung basiert auf: Ausg. 1800 und 1801</subfield></datafield><datafield tag="500" ind1=" " ind2=" "><subfield code="a">Titel von gedruckter Ausg. (gesehen am 03.12.2015)</subfield></datafield><datafield tag="516" ind1=" " ind2=" "><subfield code="a">PDF</subfield></datafield><datafield tag="650" ind1=" " ind2="9"><subfield code="a">Geschichte</subfield><subfield code="5">[voc11]</subfield></datafield><datafield tag="650" ind1=" " ind2="7"><subfield code="a">Handbücher</subfield><subfield code="2">[midonas]</subfield></datafield><datafield tag="651" ind1=" " ind2="9"><subfield code="a">Schweiz</subfield><subfield code="5">[voc11]</subfield></datafield><datafield tag="651" ind1=" " ind2="7"><subfield code="a">Schweiz</subfield><subfield code="2">[midonas]</subfield></datafield><datafield tag="776" ind1="0" ind2="8"><subfield code="i">Gedruckte Ausg.:</subfield><subfield code="t">Helvetischer Staats-Almanach für das Jahr ...</subfield><subfield code="w">bv001475208</subfield></datafield><datafield tag="909" ind1=" " ind2=" "><subfield code="a">EOD</subfield><subfield code="2">BIG</subfield><subfield code="6">DIGI</subfield></datafield><datafield tag="AVD" ind1="0" ind2=" "><subfield code="b">12341279700001791</subfield><subfield code="g">BIG</subfield><subfield code="d">https://thisisallfake.example.com/view/delivery/thumbnail/41BIG_INST/12341279700001791</subfield><subfield code="e">Helvetischer Staats-Almanach für das Jahr 1801</subfield><subfield code="c">https://thisisallfake.example.com/view/delivery/41BIG_INST/12341279700001791</subfield><subfield code="s">1 file/s (pdf)</subfield></datafield><datafield tag="AVD" ind1="0" ind2=" "><subfield code="b">12341279720001791</subfield><subfield code="g">BIG</subfield><subfield code="d">https://thisisallfake.example.com/view/delivery/thumbnail/41BIG_INST/12341279720001791</subfield><subfield code="e">Helvetischer Staats-Almanach für das Jahr 1800</subfield><subfield code="c">https://thisisallfake.example.com/view/delivery/41BIG_INST/12341279720001791</subfield><subfield code="s">1 file/s (pdf)</subfield></datafield></record>
</metadata></record>