<record><header><identifier>oai:urm_publish:9925854406001791</identifier><datestamp>2016-05-02T08:06:51Z</datestamp><setSpec>TESTING_DIGI_TEST</setSpec><setSpec>TESTING_DIGI</setSpec></header><metadata xmlns:xsi="http://www.w3.org/2001/XMLSchema-instance">
<record xmlns="http://www.loc.gov/MARC21/slim" xmlns:xsi="http://www.w3.org/2001/XMLSchema-instance" xsi:schemaLocation="http://www.loc.gov/MARC21/slim http://www.loc.gov/standards/marcxml/schema/MARC21slim.xsd" ><leader>00908nam a2200229 a 4500</leader><controlfield tag="005">20160427072543.0</controlfield><controlfield tag="008">131110r20151842sz |||| s||||s000 0 ger d</controlfield><controlfield tag="001">9925854406001791</controlfield><datafield tag="035" ind1=" " ind2=" "><subfield code="a">bv9925854406001791</subfield></datafield><datafield tag="040" ind1=" " ind2=" "><subfield code="a">BiG</subfield><subfield code="c">BiG</subfield></datafield><datafield tag="110" ind1="1" ind2=" "><subfield code="a">Zürich (Kanton)</subfield></datafield><datafield tag="245" ind1="1" ind2="0"><subfield code="a">Militärstrafgesetz des Cantons Zürich</subfield><subfield code="h">[Elektronische Ressource]</subfield></datafield><datafield tag="246" ind1="3" ind2=" "><subfield code="a">Militärstrafgesetz des Kantons Zürich</subfield><subfield code="h">[Elektronische Ressource]</subfield></datafield><datafield tag="260" ind1=" " ind2=" "><subfield code="a">[Bern] :</subfield><subfield code="b">[Bibliothek am Guisanplatz],</subfield><subfield code="c">[2015]</subfield></datafield><datafield tag="500" ind1=" " ind2=" "><subfield code="a">Titel von Digitalisat</subfield></datafield><datafield tag="516" ind1=" " ind2=" "><subfield code="a">PDF</subfield></datafield><datafield tag="534" ind1=" " ind2=" "><subfield code="p">Elektron. Reprod. der Ausg. von:</subfield><subfield code="c">[Zürich] : [s.n.], [1842]. -</subfield><subfield code="e">24 S. ; 19 cm</subfield></datafield><datafield tag="650" ind1=" " ind2="7"><subfield code="a">Militärstrafrecht</subfield><subfield code="2">[midonas]</subfield></datafield><datafield tag="651" ind1=" " ind2="7"><subfield code="a">Zürich (Kanton)</subfield><subfield code="2">[midonas]</subfield></datafield><datafield tag="710" ind1="1" ind2=" "><subfield code="a">Zürich (Kanton). -</subfield><subfield code="t">[Gesetze und Verordnungen</subfield><subfield code="h">(Elektronische Ressource).</subfield><subfield code="d">1842.</subfield><subfield code="l">(deutsch).</subfield><subfield code="f">1842.]</subfield></datafield><datafield tag="909" ind1=" " ind2=" "><subfield code="a">EOD</subfield><subfield code="2">BIG</subfield><subfield code="6">DIGI</subfield></datafield><datafield tag="945" ind1=" " ind2=" "><subfield code="a">1842</subfield></datafield><datafield tag="AVD" ind1="0" ind2=" "><subfield code="b">12340436050001791</subfield><subfield code="g">BIG</subfield><subfield code="d">https://thisisallfake.example.com/view/delivery/thumbnail/41BIG_INST/12340436050001791</subfield><subfield code="e">Militärstrafgesetz des Cantons Zürich</subfield><subfield code="c">https://thisisallfake.example.com/view/delivery/41BIG_INST/12340436050001791</subfield><subfield code="s">1 file/s (pdf)</subfield></datafield></record>
</metadata></record>