<record><header><identifier>oai:urm_publish:9925854406101791</identifier><datestamp>2016-05-02T08:06:51Z</datestamp><setSpec>TESTING_DIGI_TEST</setSpec><setSpec>TESTING_DIGI</setSpec></header><metadata xmlns:xsi="http://www.w3.org/2001/XMLSchema-instance">
<record xmlns="http://www.loc.gov/MARC21/slim" xmlns:xsi="http://www.w3.org/2001/XMLSchema-instance" xsi:schemaLocation="http://www.loc.gov/MARC21/slim http://www.loc.gov/standards/marcxml/schema/MARC21slim.xsd" ><leader>01534nam a2200337 a 4500</leader><controlfield tag="005">20160427072543.0</controlfield><controlfield tag="008">131110r20151852sz |||| s|||| 000 0 ger d</controlfield><controlfield tag="001">9925854406101791</controlfield><datafield tag="035" ind1=" " ind2=" "><subfield code="a">bv9925854406101791</subfield></datafield><datafield tag="040" ind1=" " ind2=" "><subfield code="a">BiG</subfield><subfield code="c">BiG</subfield></datafield><datafield tag="245" ind1="0" ind2="0"><subfield code="a">Praktisches Handbuch für Schweizer Offiziere</subfield><subfield code="h">[Elektronische Ressource] :</subfield><subfield code="b">bearbeitet mit beständiger Berücksichtigung der eidgenössischen Dienstvorschriften und unter Benutzung der neuern militärischen Litteratur /</subfield><subfield code="c">von einem gewesenen schweizerischen Stabsoffizier</subfield></datafield><datafield tag="246" ind1="1" ind2="8"><subfield code="a">Handbuch für Offiziere</subfield><subfield code="h">[Elektronische Ressource]</subfield></datafield><datafield tag="260" ind1=" " ind2=" "><subfield code="a">[Bern] :</subfield><subfield code="b">[Bibliothek am Guisanplatz],</subfield><subfield code="c">[2015]</subfield></datafield><datafield tag="500" ind1=" " ind2=" "><subfield code="a">Titel von Digitalisat</subfield></datafield><datafield tag="505" ind1="0" ind2=" "><subfield code="a">Bd. 1: Organisation der eidg. Armee (auf Grundlage der Militärorganisation vom 8. Mai 1850). - 1852. - 530 S.</subfield></datafield><datafield tag="505" ind1="0" ind2=" "><subfield code="a">Bd. 2: Die Taktik der Infanterie und Kavallerie. - 1852. - 576 S.</subfield></datafield><datafield tag="505" ind1="0" ind2=" "><subfield code="a">Supplementbd.: 1854. - 354 S.</subfield></datafield><datafield tag="516" ind1=" " ind2=" "><subfield code="a">PDF</subfield></datafield><datafield tag="534" ind1=" " ind2=" "><subfield code="p">Elektron. Reprod. der Ausg. von:</subfield><subfield code="c">Zürich : H. de H. Honegger, 1852-1854. -</subfield><subfield code="e">3 Bd. : Ill. ; 20 cm</subfield></datafield><datafield tag="650" ind1=" " ind2="7"><subfield code="a">Handbücher</subfield><subfield code="2">[midonas]</subfield></datafield><datafield tag="650" ind1=" " ind2="7"><subfield code="a">Kriegskunst</subfield><subfield code="2">[midonas]</subfield></datafield><datafield tag="650" ind1=" " ind2="7"><subfield code="a">Ausrüstung</subfield><subfield code="2">[midonas]</subfield></datafield><datafield tag="650" ind1=" " ind2="7"><subfield code="a">Sanitätsdienst</subfield><subfield code="2">[midonas]</subfield></datafield><datafield tag="650" ind1=" " ind2="7"><subfield code="a">Ausbildung</subfield><subfield code="2">[midonas]</subfield></datafield><datafield tag="650" ind1=" " ind2="7"><subfield code="a">Brückenschlag</subfield><subfield code="2">[midonas]</subfield></datafield><datafield tag="650" ind1=" " ind2="7"><subfield code="a">Reglement</subfield><subfield code="2">[midonas]</subfield></datafield><datafield tag="650" ind1=" " ind2="7"><subfield code="a">Heeresorganisation</subfield><subfield code="2">[midonas]</subfield></datafield><datafield tag="650" ind1=" " ind2="7"><subfield code="a">Taktik</subfield><subfield code="2">[midonas]</subfield></datafield><datafield tag="651" ind1=" " ind2="7"><subfield code="a">Schweiz</subfield><subfield code="2">[midonas]</subfield></datafield><datafield tag="909" ind1=" " ind2=" "><subfield code="a">EOD</subfield><subfield code="2">BIG</subfield><subfield code="6">DIGI</subfield></datafield><datafield tag="945" ind1=" " ind2=" "><subfield code="a">1852</subfield><subfield code="b">1854</subfield></datafield><datafield tag="AVD" ind1="0" ind2=" "><subfield code="b">12340436300001791</subfield><subfield code="g">BIG</subfield><subfield code="d">https://thisisallfake.example.com/view/delivery/thumbnail/41BIG_INST/12340436300001791</subfield><subfield code="e">Praktisches Handbuch für Schweizer Offiziere Band 3 Supplement</subfield><subfield code="c">https://thisisallfake.example.com/view/delivery/41BIG_INST/12340436300001791</subfield><subfield code="s">1 file/s (pdf)</subfield></datafield><datafield tag="AVD" ind1="0" ind2=" "><subfield code="b">12340436360001791</subfield><subfield code="g">BIG</subfield><subfield code="d">https://thisisallfake.example.com/view/delivery/thumbnail/41BIG_INST/12340436360001791</subfield><subfield code="e">Praktisches Handbuch für Schweizer Offiziere Band 2</subfield><subfield code="c">https://thisisallfake.example.com/view/delivery/41BIG_INST/12340436360001791</subfield><subfield code="s">1 file/s (pdf)</subfield></datafield><datafield tag="AVD" ind1="0" ind2=" "><subfield code="b">12340436420001791</subfield><subfield code="d">https://thisisallfake.example.com/view/delivery/thumbnail/41BIG_INST/12340436420001791</subfield><subfield code="e">Praktisches Handbuch für Schweizer Offiziere Band 1</subfield><subfield code="c">https://thisisallfake.example.com/view/delivery/41BIG_INST/12340436420001791</subfield><subfield code="s">1 file/s (pdf)</subfield></datafield></record>
</metadata></record>