<record><header><identifier>oai:urm_publish:9925859303001791</identifier><datestamp>2016-05-02T08:06:51Z</datestamp><setSpec>TESTING_DIGI_TEST</setSpec><setSpec>TESTING_DIGI</setSpec></header><metadata xmlns:xsi="http://www.w3.org/2001/XMLSchema-instance">
<record xmlns="http://www.loc.gov/MARC21/slim" xmlns:xsi="http://www.w3.org/2001/XMLSchema-instance" xsi:schemaLocation="http://www.loc.gov/MARC21/slim http://www.loc.gov/standards/marcxml/schema/MARC21slim.xsd" ><leader>01026cas a2200217 i 4500</leader><controlfield tag="005">20160412132548.0</controlfield><controlfield tag="008">131110c18179999sz ar p s     0    0fre d</controlfield><controlfield tag="001">9925859303001791</controlfield><datafield tag="035" ind1=" " ind2=" "><subfield code="a">bv9925859303001791</subfield></datafield><datafield tag="040" ind1=" " ind2=" "><subfield code="a">BIG</subfield><subfield code="c">BIG</subfield></datafield><datafield tag="245" ind1="0" ind2="0"><subfield code="a">Annuaire officiel de la République et Canton de Genève</subfield><subfield code="h">[Ressource électronique] [Periodicum]</subfield></datafield><datafield tag="246" ind1="1" ind2=" "><subfield code="i">Titre 1817-1855:</subfield><subfield code="a">Annuaire de la République et Canton de Genève pour l'année</subfield><subfield code="h">[Ressource électronique] [Periodicum]</subfield></datafield><datafield tag="246" ind1="1" ind2=" "><subfield code="i">Titre 1856-1866/67:</subfield><subfield code="a">Annuaire-indicateur officiel de la République et Canton de Genève</subfield><subfield code="h">[Ressource électronique] [Periodicum]</subfield></datafield><datafield tag="260" ind1=" " ind2=" "><subfield code="a">Genève :</subfield><subfield code="b">J.J. Paschoud,</subfield><subfield code="c">1817-</subfield></datafield><datafield tag="260" ind1="3" ind2=" "><subfield code="a">Genève :</subfield><subfield code="b">Chancellerie d'État Service des publications</subfield></datafield><datafield tag="300" ind1=" " ind2=" "><subfield code="a">Ressource en ligne</subfield></datafield><datafield tag="500" ind1=" " ind2=" "><subfield code="a">Titre de l'éd. imprimée (visionné le 04.01.2016)</subfield></datafield><datafield tag="516" ind1=" " ind2=" "><subfield code="a">PDF</subfield></datafield><datafield tag="710" ind1="2" ind2=" "><subfield code="a">Genève (Canton).</subfield><subfield code="b">Chancellerie d'Etat</subfield></datafield><datafield tag="776" ind1="0" ind2="8"><subfield code="i">Ed. imprimée:</subfield><subfield code="t">Annuaire officiel de la République et Canton de Genève</subfield><subfield code="w">bv80038676</subfield></datafield><datafield tag="909" ind1=" " ind2=" "><subfield code="a">EOD</subfield><subfield code="2">BIG</subfield><subfield code="6">DIGI</subfield></datafield><datafield tag="AVD" ind1="0" ind2=" "><subfield code="b">12341289710001791</subfield><subfield code="g">BIG</subfield><subfield code="d">https://thisisallfake.example.com/view/delivery/thumbnail/41BIG_INST/12341289710001791</subfield><subfield code="e">Annuaire officiel de la République et Canton de Genève </subfield><subfield code="c">https://thisisallfake.example.com/view/delivery/41BIG_INST/12341289710001791</subfield><subfield code="s">1 file/s (pdf)</subfield></datafield></record>
</metadata></record>