<record><header><identifier>oai:urm_publish:9925863203901791</identifier><datestamp>2016-05-02T08:06:51Z</datestamp><setSpec>TESTING_DIGI_TEST</setSpec><setSpec>TESTING_DIGI</setSpec></header><metadata xmlns:xsi="http://www.w3.org/2001/XMLSchema-instance">
<record xmlns="http://www.loc.gov/MARC21/slim" xmlns:xsi="http://www.w3.org/2001/XMLSchema-instance" xsi:schemaLocation="http://www.loc.gov/MARC21/slim http://www.loc.gov/standards/marcxml/schema/MARC21slim.xsd" ><leader>00999nkm a2200169 a 4500</leader><controlfield tag="005">20160427072544.0</controlfield><controlfield tag="008">131110r20161913sz nnn|  ||||fs00 lnger d</controlfield><controlfield tag="001">9925863203901791</controlfield><datafield tag="035" ind1=" " ind2=" "><subfield code="a">bv9925863203901791</subfield></datafield><datafield tag="040" ind1=" " ind2=" "><subfield code="a">BiG</subfield><subfield code="c">BiG</subfield></datafield><datafield tag="041" ind1="0" ind2=" "><subfield code="a">ger</subfield><subfield code="a">fre</subfield></datafield><datafield tag="245" ind1="0" ind2="0"><subfield code="a">5 Planskizzen für die zerlegbare Feldbaracke (Sanitätsbaracke) für Etappen- und Territorial-Sanitätsanstalten</subfield><subfield code="h">[Elektronische Ressource] =</subfield><subfield code="b">5 plans d'une baraque de campagne démontable (baraque sanitaire) pour les établissements sanitaires des étapes et térritoriaux</subfield></datafield><datafield tag="246" ind1="3" ind2="1"><subfield code="a">5 plans d'une baraque de campagne démontable (baraque sanitaire) pour les établissements sanitaires des étapes et térritoriaux</subfield><subfield code="h">[Ressource électronique]</subfield></datafield><datafield tag="260" ind1=" " ind2=" "><subfield code="a">[Bern] :</subfield><subfield code="b">[Bibliothek am Guisanplatz (BiG)],</subfield><subfield code="c">[2016]</subfield></datafield><datafield tag="500" ind1=" " ind2=" "><subfield code="a">Titel von Digitalisat</subfield></datafield><datafield tag="534" ind1=" " ind2=" "><subfield code="p">Elektron. Reprod. der Ausg. von:</subfield><subfield code="c">Bern : Eidgenössische Armee, 1913?. -</subfield><subfield code="e">5 technische Zeichnungen : s/w ; 38 x 50 cm, in Hülle 27 x 38 cm</subfield></datafield><datafield tag="909" ind1=" " ind2=" "><subfield code="a">EOD</subfield><subfield code="2">BIG</subfield><subfield code="6">DIGI</subfield></datafield><datafield tag="AVD" ind1="0" ind2=" "><subfield code="b">12341359790001791</subfield><subfield code="g">BIG</subfield><subfield code="d">https://thisisallfake.example.com/view/delivery/thumbnail/41BIG_INST/12341359790001791</subfield><subfield code="e">5 Planskizzen für die zerlegbare Feldbaracke</subfield><subfield code="c">https://thisisallfake.example.com/view/delivery/41BIG_INST/12341359790001791</subfield><subfield code="s">1 file/s (pdf)</subfield></datafield></record>
</metadata></record>