<record><header><identifier>oai:urm_publish:9925865201901791</identifier><datestamp>2016-05-02T08:06:51Z</datestamp><setSpec>TESTING_DIGI_TEST</setSpec><setSpec>TESTING_DIGI</setSpec></header><metadata xmlns:xsi="http://www.w3.org/2001/XMLSchema-instance">
<record xmlns="http://www.loc.gov/MARC21/slim" xmlns:xsi="http://www.w3.org/2001/XMLSchema-instance" xsi:schemaLocation="http://www.loc.gov/MARC21/slim http://www.loc.gov/standards/marcxml/schema/MARC21slim.xsd" ><leader>02016nas a22002412i 4500</leader><controlfield tag="005">20160427072544.0</controlfield><controlfield tag="008">131110duuuu16uugw ar   s|||| 000 |0ger d</controlfield><controlfield tag="001">9925865201901791</controlfield><datafield tag="035" ind1=" " ind2=" "><subfield code="a">bv9925865201901791</subfield></datafield><datafield tag="040" ind1=" " ind2=" "><subfield code="a">BiG</subfield><subfield code="c">BiG</subfield></datafield><datafield tag="245" ind1="0" ind2="0"><subfield code="a">Jacobi Franci relationis historicae continuatio, oder Warhafftige Beschreibunge aller fürnemen und gedenckwürdigen Historien</subfield><subfield code="h">[Elektronische Ressource] [Periodicum] :</subfield><subfield code="b">so sich hin unnd wider in hoch und nider Teutschland, auch in Franckreich, Schott- und Engeland, Italien, Hispanien, Hungarn, Polen, Siebenbürgen, Wallachen, Moldaw, Türcken/sc. von nechstverschiener Franckfurter Herbstmessz ... biss auff diese Fastenmess dieses ... Jahrs verlauffen und zugetragen : alles zum Theil auss eigener Erfahrung, zum Theil auss uberschickten glaubwirdigen Schrifften von tag zu tag colligirt und continuirt</subfield></datafield><datafield tag="246" ind1="1" ind2="3"><subfield code="a">Warhafftige Beschreibunge aller fürnemen und gedenckwürdigen Historien</subfield><subfield code="h">[Elektronische Ressource] [Periodicum]</subfield></datafield><datafield tag="246" ind1="1" ind2="3"><subfield code="a">Iacobi Franci relationis historicae continuatio</subfield><subfield code="h">[Elektronische Ressource] [Periodicum]</subfield></datafield><datafield tag="246" ind1="1" ind2=" "><subfield code="i">Titel &lt;1625-&gt;:</subfield><subfield code="a">Jacobi Franci historische Beschreibung aller denckwürdigen Historien</subfield><subfield code="h">[Elektronische Ressource] [Periodicum]</subfield></datafield><datafield tag="246" ind1="1" ind2=" "><subfield code="i">Titel &lt;1625-&gt;:</subfield><subfield code="a">Relationis historicae semestralis contiuatio</subfield><subfield code="h">[Elektronische Ressource] [Periodicum]</subfield></datafield><datafield tag="246" ind1="1" ind2=" "><subfield code="i">Titel &lt;1629-&gt;:</subfield><subfield code="a">Jacobi Franci historische Beschreibung aller denckwürdigen Geschichten</subfield><subfield code="h">[Elektronische Ressource] [Periodicum]</subfield></datafield><datafield tag="246" ind1="1" ind2=" "><subfield code="i">Titel &lt;1663-&gt;:</subfield><subfield code="a">Jacobi Franci historische Beschreibung der denckwürdigsten Geschichten</subfield><subfield code="h">[Elektronische Ressource] [Periodicum]</subfield></datafield><datafield tag="260" ind1=" " ind2=" "><subfield code="a">Frankfurt a.M. :</subfield><subfield code="b">Sigismundum Latomum</subfield></datafield><datafield tag="300" ind1=" " ind2=" "><subfield code="a">Online-Ressource</subfield></datafield><datafield tag="310" ind1=" " ind2=" "><subfield code="a">Jährl.</subfield></datafield><datafield tag="500" ind1=" " ind2=" "><subfield code="a">Untertitel ändert</subfield></datafield><datafield tag="776" ind1="0" ind2="8"><subfield code="i">Gedruckte Ausg.:</subfield><subfield code="t">Jacobi Franci relationis historicae continuatio, oder Warhafftige Beschreibunge aller fürnemen und gedenckwürdigen Historien</subfield><subfield code="w">bv00947379</subfield></datafield><datafield tag="909" ind1=" " ind2=" "><subfield code="a">EOD</subfield><subfield code="2">BIG</subfield><subfield code="6">DIGI</subfield></datafield><datafield tag="AVD" ind1="0" ind2=" "><subfield code="b">12342046670001791</subfield><subfield code="g">BIG</subfield><subfield code="d">https://thisisallfake.example.com/view/delivery/thumbnail/41BIG_INST/12342046670001791</subfield><subfield code="e">Jacobi Franci relationis historicae 1629-1631</subfield><subfield code="c">https://thisisallfake.example.com/view/delivery/41BIG_INST/12342046670001791</subfield><subfield code="s">1 file/s (pdf)</subfield></datafield><datafield tag="AVD" ind1="0" ind2=" "><subfield code="b">12342046650001791</subfield><subfield code="g">BIG</subfield><subfield code="d">https://thisisallfake.example.com/view/delivery/thumbnail/41BIG_INST/12342046650001791</subfield><subfield code="e">Jacobi Franci relationis historicae 1634-1639</subfield><subfield code="c">https://thisisallfake.example.com/view/delivery/41BIG_INST/12342046650001791</subfield><subfield code="s">1 file/s (pdf)</subfield></datafield><datafield tag="AVD" ind1="0" ind2=" "><subfield code="b">12342046610001791</subfield><subfield code="g">BIG</subfield><subfield code="d">https://thisisallfake.example.com/view/delivery/thumbnail/41BIG_INST/12342046610001791</subfield><subfield code="e">Jacobi Franci relationis historicae 1663-1666</subfield><subfield code="c">https://thisisallfake.example.com/view/delivery/41BIG_INST/12342046610001791</subfield><subfield code="s">1 file/s (pdf)</subfield></datafield><datafield tag="AVD" ind1="0" ind2=" "><subfield code="b">12342046690001791</subfield><subfield code="g">BIG</subfield><subfield code="d">https://thisisallfake.example.com/view/delivery/thumbnail/41BIG_INST/12342046690001791</subfield><subfield code="e">Jacobi Franci relationis historicae 1629</subfield><subfield code="c">https://thisisallfake.example.com/view/delivery/41BIG_INST/12342046690001791</subfield><subfield code="s">1 file/s (pdf)</subfield></datafield><datafield tag="AVD" ind1="0" ind2=" "><subfield code="b">12342047500001791</subfield><subfield code="g">BIG</subfield><subfield code="d">https://thisisallfake.example.com/view/delivery/thumbnail/41BIG_INST/12342047500001791</subfield><subfield code="e">Jacobi Franci relationis historicae 1617-1622</subfield><subfield code="c">https://thisisallfake.example.com/view/delivery/41BIG_INST/12342047500001791</subfield><subfield code="s">1 file/s (pdf)</subfield></datafield><datafield tag="AVD" ind1="0" ind2=" "><subfield code="b">12342047910001791</subfield><subfield code="g">BIG</subfield><subfield code="d">https://thisisallfake.example.com/view/delivery/thumbnail/41BIG_INST/12342047910001791</subfield><subfield code="e">Jacobi Franci relationis historicae 1604-1611</subfield><subfield code="c">https://thisisallfake.example.com/view/delivery/41BIG_INST/12342047910001791</subfield><subfield code="s">1 file/s (pdf)</subfield></datafield><datafield tag="AVD" ind1="0" ind2=" "><subfield code="b">12342046710001791</subfield><subfield code="g">BIG</subfield><subfield code="d">https://thisisallfake.example.com/view/delivery/thumbnail/41BIG_INST/12342046710001791</subfield><subfield code="e">Jacobi Franci relationis historicae 1624-1627</subfield><subfield code="c">https://thisisallfake.example.com/view/delivery/41BIG_INST/12342046710001791</subfield><subfield code="s">1 file/s (pdf)</subfield></datafield><datafield tag="AVD" ind1="0" ind2=" "><subfield code="b">12342047060001791</subfield><subfield code="g">BIG</subfield><subfield code="d">https://thisisallfake.example.com/view/delivery/thumbnail/41BIG_INST/12342047060001791</subfield><subfield code="e">Jacobi Franci relationis historicae 1611-1619</subfield><subfield code="c">https://thisisallfake.example.com/view/delivery/41BIG_INST/12342047060001791</subfield><subfield code="s">1 file/s (pdf)</subfield></datafield></record>
</metadata></record>