<record><header><identifier>oai:urm_publish:9925865605801791</identifier><datestamp>2016-05-02T08:06:51Z</datestamp><setSpec>TESTING_DIGI_TEST</setSpec><setSpec>TESTING_DIGI</setSpec></header><metadata xmlns:xsi="http://www.w3.org/2001/XMLSchema-instance">
<record xmlns="http://www.loc.gov/MARC21/slim" xmlns:xsi="http://www.w3.org/2001/XMLSchema-instance" xsi:schemaLocation="http://www.loc.gov/MARC21/slim http://www.loc.gov/standards/marcxml/schema/MARC21slim.xsd" ><leader>00965nam a2200193 a 4500</leader><controlfield tag="005">20160427072544.0</controlfield><controlfield tag="008">131110r20161771sz |||| s|||| 001 0 fre d</controlfield><controlfield tag="001">9925865605801791</controlfield><datafield tag="035" ind1=" " ind2=" "><subfield code="a">bv9925865605801791</subfield></datafield><datafield tag="040" ind1=" " ind2=" "><subfield code="a">BiG</subfield><subfield code="d">BiG</subfield></datafield><datafield tag="100" ind1="1" ind2=" "><subfield code="a">Manstein, Christoph Hermann von</subfield></datafield><datafield tag="245" ind1="1" ind2="0"><subfield code="a">Mémoires historiques, politiques et militaires sur la Russie, depuis l'année MDCCXXVII, jusqu'à MDCCXLIV</subfield><subfield code="h">[Ressource électronique] :</subfield><subfield code="b">avec un supplément, contenant une idée succincte du militaire, de la marine, du commerce &amp;c. de ce vaste empire /</subfield><subfield code="c">ouvr. écrit en françois par de Manstein ; avec la vie de l'auteur par M. Huber</subfield></datafield><datafield tag="260" ind1=" " ind2=" "><subfield code="a">[Berne] :</subfield><subfield code="b">[Bibliothèque Am Guisanplatz (BiG)],</subfield><subfield code="c">[2016]</subfield></datafield><datafield tag="500" ind1=" " ind2=" "><subfield code="a">Titre de la numérisation</subfield></datafield><datafield tag="516" ind1=" " ind2=" "><subfield code="a">PDF</subfield></datafield><datafield tag="500" ind1=" " ind2=" "><subfield code="a">Index</subfield></datafield><datafield tag="534" ind1=" " ind2=" "><subfield code="p">Reprod. électronique de l’éd. de:</subfield><subfield code="c">Paris : chez Humblot, 1771. -</subfield><subfield code="e">XXVIII, 584 p., [1] f. de dépl. ; 21 cm</subfield></datafield><datafield tag="700" ind1="1" ind2=" "><subfield code="a">Huber, M.</subfield><subfield code="q">(Michel),</subfield><subfield code="d">1727-1804</subfield></datafield><datafield tag="909" ind1=" " ind2=" "><subfield code="a">EOD</subfield><subfield code="2">BIG</subfield><subfield code="6">DIGI</subfield></datafield><datafield tag="AVD" ind1="0" ind2=" "><subfield code="b">12341628270001791</subfield><subfield code="g">BIG</subfield><subfield code="d">https://thisisallfake.example.com/view/delivery/thumbnail/41BIG_INST/12341628270001791</subfield><subfield code="e">Mémoires historiques, politiques et militaires sur la Russie</subfield><subfield code="c">https://thisisallfake.example.com/view/delivery/41BIG_INST/12341628270001791</subfield><subfield code="s">1 file/s (pdf)</subfield></datafield></record>
</metadata></record>