<record><header><identifier>oai:urm_publish:9925865802601791</identifier><datestamp>2016-05-02T08:06:51Z</datestamp><setSpec>TESTING_DIGI_TEST</setSpec><setSpec>TESTING_DIGI</setSpec></header><metadata xmlns:xsi="http://www.w3.org/2001/XMLSchema-instance">
<record xmlns="http://www.loc.gov/MARC21/slim" xmlns:xsi="http://www.w3.org/2001/XMLSchema-instance" xsi:schemaLocation="http://www.loc.gov/MARC21/slim http://www.loc.gov/standards/marcxml/schema/MARC21slim.xsd" ><leader>00729nam a2200169 a 4500</leader><controlfield tag="005">20160427072544.0</controlfield><controlfield tag="008">131110r20161718sz |||| s|||| 000 0dfre d</controlfield><controlfield tag="001">9925865802601791</controlfield><datafield tag="035" ind1=" " ind2=" "><subfield code="a">bv9925865802601791</subfield></datafield><datafield tag="040" ind1=" " ind2=" "><subfield code="a">BiG</subfield><subfield code="c">BiG</subfield></datafield><datafield tag="100" ind1="1" ind2=" "><subfield code="a">Trabouillet, Louis</subfield></datafield><datafield tag="245" ind1="1" ind2="2"><subfield code="a">L'état de la France, contenant les princes, ducs &amp; pairs, marêchaux de France, &amp; grands officiers de la Couronne, &amp; de la Maison du Roy ...</subfield><subfield code="h">[Ressource électronique] /</subfield><subfield code="c">L. Trabouillet</subfield></datafield><datafield tag="260" ind1=" " ind2=" "><subfield code="a">[Berne] :</subfield><subfield code="b">[Bibliothèque Am Guisanplatz (BiG)],</subfield><subfield code="c">[2016]</subfield></datafield><datafield tag="500" ind1=" " ind2=" "><subfield code="a">Titre de la numérisation</subfield></datafield><datafield tag="516" ind1=" " ind2=" "><subfield code="a">PDF</subfield></datafield><datafield tag="534" ind1=" " ind2=" "><subfield code="p">Réprod. électronique de l'éd. de:</subfield><subfield code="c">Paris : Charles Osmont, 1718. -</subfield><subfield code="e">3 vol. (628, 576, 613 p.) : ill. ; 17 cm</subfield></datafield><datafield tag="909" ind1=" " ind2=" "><subfield code="a">EOD</subfield><subfield code="2">BIG</subfield><subfield code="6">DIGI</subfield></datafield><datafield tag="AVD" ind1="0" ind2=" "><subfield code="b">12341729300001791</subfield><subfield code="g">BIG</subfield><subfield code="d">https://thisisallfake.example.com/view/delivery/thumbnail/41BIG_INST/12341729300001791</subfield><subfield code="e">L'état de la France, contenant les princes, ducs &amp; pairs  Band III</subfield><subfield code="c">https://thisisallfake.example.com/view/delivery/41BIG_INST/12341729300001791</subfield><subfield code="s">1 file/s (pdf)</subfield></datafield><datafield tag="AVD" ind1="0" ind2=" "><subfield code="b">12341729420001791</subfield><subfield code="g">BIG</subfield><subfield code="d">https://thisisallfake.example.com/view/delivery/thumbnail/41BIG_INST/12341729420001791</subfield><subfield code="e">L'état de la France, contenant les princes, ducs &amp; pairs  Band II</subfield><subfield code="c">https://thisisallfake.example.com/view/delivery/41BIG_INST/12341729420001791</subfield><subfield code="s">1 file/s (pdf)</subfield></datafield><datafield tag="AVD" ind1="0" ind2=" "><subfield code="b">12341729540001791</subfield><subfield code="g">BIG</subfield><subfield code="d">https://thisisallfake.example.com/view/delivery/thumbnail/41BIG_INST/12341729540001791</subfield><subfield code="e">L'état de la France, contenant les princes, ducs &amp; pairs  Band I</subfield><subfield code="c">https://thisisallfake.example.com/view/delivery/41BIG_INST/12341729540001791</subfield><subfield code="s">1 file/s (pdf)</subfield></datafield></record>
</metadata></record>