<record><header><identifier>oai:urm_publish:9925865805001791</identifier><datestamp>2016-05-02T08:06:51Z</datestamp><setSpec>TESTING_DIGI_TEST</setSpec><setSpec>TESTING_DIGI</setSpec></header><metadata xmlns:xsi="http://www.w3.org/2001/XMLSchema-instance">
<record xmlns="http://www.loc.gov/MARC21/slim" xmlns:xsi="http://www.w3.org/2001/XMLSchema-instance" xsi:schemaLocation="http://www.loc.gov/MARC21/slim http://www.loc.gov/standards/marcxml/schema/MARC21slim.xsd" ><leader>00930nam a2200229 a 4500</leader><controlfield tag="005">20160427072545.0</controlfield><controlfield tag="008">131110r20161752sz |||| s|||| 001 0 fre d</controlfield><controlfield tag="001">9925865805001791</controlfield><datafield tag="035" ind1=" " ind2=" "><subfield code="a">bv9925865805001791</subfield></datafield><datafield tag="040" ind1=" " ind2=" "><subfield code="a">BiG</subfield><subfield code="c">BiG</subfield></datafield><datafield tag="100" ind1="1" ind2=" "><subfield code="a">Spon, Jean François de</subfield></datafield><datafield tag="245" ind1="1" ind2="0"><subfield code="a">Mémoires pour servir à l'histoire de l'Europe :</subfield><subfield code="b">depuis 1740 jusqu'à la paix-générale, signée à Aix-la-Chapelle le 18. octobre 1748</subfield><subfield code="h">[Ressource électronique]</subfield></datafield><datafield tag="300" ind1=" " ind2=" "><subfield code="a">[Berne] :</subfield><subfield code="b">[Bibliothèque Am Guisanplatz (BiG)],</subfield><subfield code="c">[2016]</subfield></datafield><datafield tag="500" ind1=" " ind2=" "><subfield code="a">Auteur: Jean François de Spon</subfield></datafield><datafield tag="500" ind1=" " ind2=" "><subfield code="a">Titre de la numérisation</subfield></datafield><datafield tag="500" ind1=" " ind2=" "><subfield code="a">Index</subfield></datafield><datafield tag="516" ind1=" " ind2=" "><subfield code="a">PDF</subfield></datafield><datafield tag="534" ind1=" " ind2=" "><subfield code="p">Reprod. électronique de l’éd. de:</subfield><subfield code="c">Amsterdam : par la Compagnie, 1752. -</subfield><subfield code="e">3 vol. en 4 (XXXVI, 382;  456; 272; 304 p.) ; 17 cm</subfield></datafield><datafield tag="650" ind1=" " ind2="7"><subfield code="a">Geschichte</subfield><subfield code="0">(DE-101)040205177</subfield><subfield code="2">GND</subfield></datafield><datafield tag="651" ind1=" " ind2="7"><subfield code="a">Europa</subfield><subfield code="0">(DE-101)040157016</subfield><subfield code="2">GND</subfield></datafield><datafield tag="909" ind1=" " ind2=" "><subfield code="a">EOD</subfield><subfield code="2">BIG</subfield><subfield code="6">DIGI</subfield></datafield><datafield tag="945" ind1=" " ind2=" "><subfield code="a">1740</subfield><subfield code="b">1748</subfield></datafield><datafield tag="AVD" ind1="0" ind2=" "><subfield code="b">12341788320001791</subfield><subfield code="g">BIG</subfield><subfield code="d">https://thisisallfake.example.com/view/delivery/thumbnail/41BIG_INST/12341788320001791</subfield><subfield code="e">Mémoires pour servir à l'histoire de l'Europe Band 1</subfield><subfield code="c">https://thisisallfake.example.com/view/delivery/41BIG_INST/12341788320001791</subfield><subfield code="s">1 file/s (pdf)</subfield></datafield><datafield tag="AVD" ind1="0" ind2=" "><subfield code="b">12341788170001791</subfield><subfield code="g">BIG</subfield><subfield code="d">https://thisisallfake.example.com/view/delivery/thumbnail/41BIG_INST/12341788170001791</subfield><subfield code="e">Mémoires pour servir à l'histoire de l'Europe Band 4</subfield><subfield code="c">https://thisisallfake.example.com/view/delivery/41BIG_INST/12341788170001791</subfield><subfield code="s">1 file/s (pdf)</subfield></datafield><datafield tag="AVD" ind1="0" ind2=" "><subfield code="b">12341788220001791</subfield><subfield code="g">BIG</subfield><subfield code="d">https://thisisallfake.example.com/view/delivery/thumbnail/41BIG_INST/12341788220001791</subfield><subfield code="e">Mémoires pour servir à l'histoire de l'Europe Band 2</subfield><subfield code="c">https://thisisallfake.example.com/view/delivery/41BIG_INST/12341788220001791</subfield><subfield code="s">1 file/s (pdf)</subfield></datafield><datafield tag="AVD" ind1="0" ind2=" "><subfield code="b">12341788190001791</subfield><subfield code="g">BIG</subfield><subfield code="d">https://thisisallfake.example.com/view/delivery/thumbnail/41BIG_INST/12341788190001791</subfield><subfield code="e">Mémoires pour servir à l'histoire de l'Europe Band 3</subfield><subfield code="c">https://thisisallfake.example.com/view/delivery/41BIG_INST/12341788190001791</subfield><subfield code="s">1 file/s (pdf)</subfield></datafield></record>
</metadata></record>