<record><header><identifier>oai:urm_publish:9925868405901791</identifier><datestamp>2016-05-02T08:06:51Z</datestamp><setSpec>TESTING_DIGI_TEST</setSpec><setSpec>TESTING_DIGI</setSpec></header><metadata xmlns:xsi="http://www.w3.org/2001/XMLSchema-instance">
<record xmlns="http://www.loc.gov/MARC21/slim" xmlns:xsi="http://www.w3.org/2001/XMLSchema-instance" xsi:schemaLocation="http://www.loc.gov/MARC21/slim http://www.loc.gov/standards/marcxml/schema/MARC21slim.xsd" ><leader>00637nam a2200169 a 4500</leader><controlfield tag="005">20160216111539.0</controlfield><controlfield tag="008">040924r20161855sz |||| s|||| 000 0 ger d</controlfield><controlfield tag="001">9925868405901791</controlfield><datafield tag="035" ind1=" " ind2=" "><subfield code="a">bv9925868405901791</subfield></datafield><datafield tag="040" ind1=" " ind2=" "><subfield code="a">BiG</subfield><subfield code="c">BiG</subfield></datafield><datafield tag="100" ind1="1" ind2=" "><subfield code="a">Restorff, C. von</subfield></datafield><datafield tag="245" ind1="1" ind2="4"><subfield code="a">Die Theorie des Schiessens mit besonderer Beziehung auf die gezogenen Handfeuerwaffen</subfield><subfield code="h">[Elektronische Ressource] /</subfield><subfield code="c">von C. von Restorff</subfield></datafield><datafield tag="260" ind1=" " ind2=" "><subfield code="a">[Bern] :</subfield><subfield code="b">[Bibliothek am Guisanplatz],</subfield><subfield code="c">[2016]</subfield></datafield><datafield tag="500" ind1=" " ind2=" "><subfield code="a">Titel von Digitalisat</subfield></datafield><datafield tag="516" ind1=" " ind2=" "><subfield code="a">PDF</subfield></datafield><datafield tag="534" ind1=" " ind2=" "><subfield code="p">Elektron. Reprod. der Ausg. von:</subfield><subfield code="c">Berlin : Mittler, 1855. -</subfield><subfield code="e">VI, 116 S. : Ill. ; 22 cm</subfield></datafield><datafield tag="909" ind1=" " ind2=" "><subfield code="a">EOD</subfield><subfield code="2">BIG</subfield><subfield code="6">DIGI</subfield></datafield><datafield tag="AVD" ind1="0" ind2=" "><subfield code="b">12342007550001791</subfield><subfield code="g">BIG</subfield><subfield code="d">https://thisisallfake.example.com/view/delivery/thumbnail/41BIG_INST/12342007550001791</subfield><subfield code="e">Die Theorie des Schiessens mit besonderer Beziehung auf die gezogenen Handfeuerwaffen</subfield><subfield code="c">https://thisisallfake.example.com/view/delivery/41BIG_INST/12342007550001791</subfield><subfield code="s">1 file/s (pdf)</subfield></datafield></record>
</metadata></record>