<record><header><identifier>oai:urm_publish:9925869101401791</identifier><datestamp>2016-05-02T08:06:51Z</datestamp><setSpec>TESTING_DIGI_TEST</setSpec><setSpec>TESTING_DIGI</setSpec></header><metadata xmlns:xsi="http://www.w3.org/2001/XMLSchema-instance">
<record xmlns="http://www.loc.gov/MARC21/slim" xmlns:xsi="http://www.w3.org/2001/XMLSchema-instance" xsi:schemaLocation="http://www.loc.gov/MARC21/slim http://www.loc.gov/standards/marcxml/schema/MARC21slim.xsd" ><leader>01263nam a2200253 a 4500</leader><controlfield tag="005">20160427072545.0</controlfield><controlfield tag="008">131110r20161807sz |||| s|||| 000 0 fre d</controlfield><controlfield tag="001">9925869101401791</controlfield><datafield tag="035" ind1=" " ind2=" "><subfield code="a">bv9925869101401791</subfield></datafield><datafield tag="040" ind1=" " ind2=" "><subfield code="a">BiG</subfield><subfield code="c">BiG</subfield></datafield><datafield tag="100" ind1="1" ind2=" "><subfield code="a">Jomini, Antoine-Henri</subfield></datafield><datafield tag="245" ind1="1" ind2="0"><subfield code="a">Traité de grandes opérations militaires, ou, Relation critique et comparative des campagnes de Frédéric et de l'empereur Napoléon</subfield><subfield code="h">[Ressource électronique] :</subfield><subfield code="b">avec un recueil des maximes les plus importantes de l'art de la guerre, justifiées par les actions de ces deux grands capitaines /</subfield><subfield code="c">par Jomini</subfield></datafield><datafield tag="260" ind1=" " ind2=" "><subfield code="a">[Berne] :</subfield><subfield code="b">[Bibliothèque Am Guisanplatz],</subfield><subfield code="c">[2016]</subfield></datafield><datafield tag="500" ind1=" " ind2=" "><subfield code="a">Titre de la numérisation</subfield></datafield><datafield tag="505" ind1="0" ind2=" "><subfield code="a">Partie 1: 1807. - 572 p.</subfield></datafield><datafield tag="505" ind1="0" ind2=" "><subfield code="a">Partie 2: 1807. - 374 p.</subfield></datafield><datafield tag="505" ind1="0" ind2=" "><subfield code="a">Partie 3: 1807. - 410 p.</subfield></datafield><datafield tag="505" ind1="0" ind2=" "><subfield code="a">Partie 4: 1809. - 278 p.</subfield></datafield><datafield tag="505" ind1="0" ind2=" "><subfield code="a">Partie 5: Contenant les campagnes de 1792 et 1793. - 1807. - 364 p.</subfield></datafield><datafield tag="505" ind1="0" ind2=" "><subfield code="a">Partie 6: Contenant la campagne de 1794. - 1810. - 227 p.</subfield></datafield><datafield tag="505" ind1="0" ind2=" "><subfield code="a">Atlas du Traité de grandes opérations militaires. - 1807. - XXI f. de dépl.</subfield></datafield><datafield tag="516" ind1=" " ind2=" "><subfield code="a">PDF</subfield></datafield><datafield tag="534" ind1=" " ind2=" "><subfield code="p">Reprod. électronique de l'éd. de:</subfield><subfield code="c">Paris : Giguet et Michaud [etc.], 1807-1810. -</subfield><subfield code="e">7 vol. : ill. ; 21-30 cm</subfield></datafield><datafield tag="909" ind1=" " ind2=" "><subfield code="a">EOD</subfield><subfield code="2">BIG</subfield><subfield code="6">DIGI</subfield></datafield><datafield tag="AVD" ind1="0" ind2=" "><subfield code="b">12342294710001791</subfield><subfield code="g">BIG</subfield><subfield code="d">https://thisisallfake.example.com/view/delivery/thumbnail/41BIG_INST/12342294710001791</subfield><subfield code="e">Band 1 bis 7</subfield><subfield code="c">https://thisisallfake.example.com/view/delivery/41BIG_INST/12342294710001791</subfield><subfield code="s">7 file/s (pdf)</subfield></datafield></record>
</metadata></record>