<record><header><identifier>oai:urm_publish:9925869101601791</identifier><datestamp>2016-05-02T08:06:51Z</datestamp><setSpec>TESTING_DIGI_TEST</setSpec><setSpec>TESTING_DIGI</setSpec></header><metadata xmlns:xsi="http://www.w3.org/2001/XMLSchema-instance">
<record xmlns="http://www.loc.gov/MARC21/slim" xmlns:xsi="http://www.w3.org/2001/XMLSchema-instance" xsi:schemaLocation="http://www.loc.gov/MARC21/slim http://www.loc.gov/standards/marcxml/schema/MARC21slim.xsd" ><leader>01136nam a2200193 a 4500</leader><controlfield tag="005">20160427072546.0</controlfield><controlfield tag="008">160310r20161816sz |||| s|||| 000 0 fre df</controlfield><controlfield tag="001">9925869101601791</controlfield><datafield tag="035" ind1=" " ind2=" "><subfield code="a">bv9925869101601791</subfield></datafield><datafield tag="040" ind1=" " ind2=" "><subfield code="a">BiG</subfield><subfield code="c">BiG</subfield></datafield><datafield tag="100" ind1="1" ind2=" "><subfield code="a">Jomini, Antoine-Henri</subfield></datafield><datafield tag="245" ind1="1" ind2="0"><subfield code="a">Histoire critique et militaire des campagnes de la Révolution</subfield><subfield code="h">[Ressource électronique] :</subfield><subfield code="b">faisant suite au Traité des grandes opérations militaires..., troisième et dernière partie contenant les campagnes de Bonaparte en Italie et de Moreau sur le Rhin, en 1796 et 1797 /</subfield><subfield code="c">par le général baron de Jomini</subfield></datafield><datafield tag="260" ind1=" " ind2=" "><subfield code="a">[Berne] :</subfield><subfield code="b">[Bibliothèque Am Guisanplatz],</subfield><subfield code="c">[2016]</subfield></datafield><datafield tag="500" ind1=" " ind2=" "><subfield code="a">Suite du Traité des grandes opérations militaires, t. 7-8</subfield></datafield><datafield tag="500" ind1=" " ind2=" "><subfield code="a">Titre de la numérisation</subfield></datafield><datafield tag="516" ind1=" " ind2=" "><subfield code="a">PDF</subfield></datafield><datafield tag="534" ind1=" " ind2=" "><subfield code="p">Reprod. électronique de l'éd. de:</subfield><subfield code="b">2e éd., accompagnée d'un atlas militaire, augm. de cartes et de plans de bataille. -</subfield><subfield code="c">Paris : Chez Magimel, Anselin et Pochard, 1816. -</subfield><subfield code="e">2 vol. (709 p.) : ill. ; 21 cm</subfield></datafield><datafield tag="700" ind1="1" ind2=" "><subfield code="a">Jomini, Antoine-Henri. -</subfield><subfield code="t">Traité des grandes opérations militaires</subfield><subfield code="h">[Ressource électronique]</subfield></datafield><datafield tag="909" ind1=" " ind2=" "><subfield code="a">EOD</subfield><subfield code="2">BIG</subfield><subfield code="6">DIGI</subfield></datafield><datafield tag="AVD" ind1="0" ind2=" "><subfield code="b">12342294340001791</subfield><subfield code="g">BIG</subfield><subfield code="d">https://thisisallfake.example.com/view/delivery/thumbnail/41BIG_INST/12342294340001791</subfield><subfield code="e">Histoire critique et militaire des campagnes de la Révolution faisant suite au Traité des grandes opérations militaires</subfield><subfield code="c">https://thisisallfake.example.com/view/delivery/41BIG_INST/12342294340001791</subfield><subfield code="s">1 file/s (pdf)</subfield></datafield></record>
</metadata></record>