<record><header><identifier>oai:urm_publish:9925869604701791</identifier><datestamp>2016-05-02T08:06:51Z</datestamp><setSpec>TESTING_DIGI_TEST</setSpec><setSpec>TESTING_DIGI</setSpec></header><metadata xmlns:xsi="http://www.w3.org/2001/XMLSchema-instance">
<record xmlns="http://www.loc.gov/MARC21/slim" xmlns:xsi="http://www.w3.org/2001/XMLSchema-instance" xsi:schemaLocation="http://www.loc.gov/MARC21/slim http://www.loc.gov/standards/marcxml/schema/MARC21slim.xsd" ><leader>01076nam a2200253 a 4500</leader><controlfield tag="005">20160427072546.0</controlfield><controlfield tag="008">131110r20161857sz |||| s||||f000 0 ger d</controlfield><controlfield tag="001">9925869604701791</controlfield><datafield tag="035" ind1=" " ind2=" "><subfield code="a">bv9925869604701791</subfield></datafield><datafield tag="040" ind1=" " ind2=" "><subfield code="a">BiG</subfield><subfield code="c">BiG</subfield></datafield><datafield tag="245" ind1="0" ind2="0"><subfield code="a">Exerzirreglement für die eidgenössische Infanterie</subfield><subfield code="h">[Elektronische Ressource] :</subfield><subfield code="b">Bataillonsschule</subfield></datafield><datafield tag="260" ind1=" " ind2=" "><subfield code="a">[Bern] :</subfield><subfield code="b">[Bibliothek am Guisanplatz (BiG)],</subfield><subfield code="c">[2016]</subfield></datafield><datafield tag="500" ind1=" " ind2=" "><subfield code="a">"Nach Beschluss der Schweiz. Bundesversammlung vom 26. Heumonat 1956"</subfield></datafield><datafield tag="500" ind1=" " ind2=" "><subfield code="a">Titel von Digitalisat</subfield></datafield><datafield tag="516" ind1=" " ind2=" "><subfield code="a">PDF</subfield></datafield><datafield tag="534" ind1=" " ind2=" "><subfield code="p">Elektron. Reprod. der Ausg. von:</subfield><subfield code="c">Bern : stereotypiert von Rudolf Jenni, 1857. - 103 S., [8] Bl. Falttaf. ; 15 cm</subfield></datafield><datafield tag="610" ind1="1" ind2="7"><subfield code="a">Schweiz</subfield><subfield code="b">Schweizer Armee</subfield><subfield code="0">(DE-101)001240293</subfield><subfield code="2">GND</subfield></datafield><datafield tag="650" ind1=" " ind2="7"><subfield code="a">Dienstvorschrift</subfield><subfield code="0">(DE-101)042531349</subfield><subfield code="2">GND</subfield></datafield><datafield tag="650" ind1=" " ind2="7"><subfield code="a">Militärausbildung</subfield><subfield code="0">(DE-101)040748022</subfield><subfield code="2">GND</subfield></datafield><datafield tag="650" ind1=" " ind2="7"><subfield code="a">Infanterie</subfield><subfield code="0">(DE-101)041616472</subfield><subfield code="2">GND</subfield></datafield><datafield tag="650" ind1=" " ind2="7"><subfield code="a">Exerzieren</subfield><subfield code="0">(DE-101)04138086X</subfield><subfield code="2">GND</subfield></datafield><datafield tag="651" ind1=" " ind2="7"><subfield code="a">Schweiz</subfield><subfield code="0">(DE-101)040538818</subfield><subfield code="2">GND</subfield></datafield><datafield tag="710" ind1="1" ind2=" "><subfield code="a">Schweiz.</subfield><subfield code="b">Bundesversammlung.</subfield></datafield><datafield tag="909" ind1=" " ind2=" "><subfield code="a">EOD</subfield><subfield code="2">BIG</subfield><subfield code="6">DIGI</subfield></datafield><datafield tag="AVD" ind1="0" ind2=" "><subfield code="b">12342190980001791</subfield><subfield code="g">BIG</subfield><subfield code="d">https://thisisallfake.example.com/view/delivery/thumbnail/41BIG_INST/12342190980001791</subfield><subfield code="e">Exerzirreglement für die eidgenössische Infanterie Bataillonsschule</subfield><subfield code="c">https://thisisallfake.example.com/view/delivery/41BIG_INST/12342190980001791</subfield><subfield code="s">1 file/s (pdf)</subfield></datafield></record>
</metadata></record>