<record><header><identifier>oai:urm_publish:9925870303701791</identifier><datestamp>2016-05-02T08:06:51Z</datestamp><setSpec>TESTING_DIGI_TEST</setSpec><setSpec>TESTING_DIGI</setSpec></header><metadata xmlns:xsi="http://www.w3.org/2001/XMLSchema-instance">
<record xmlns="http://www.loc.gov/MARC21/slim" xmlns:xsi="http://www.w3.org/2001/XMLSchema-instance" xsi:schemaLocation="http://www.loc.gov/MARC21/slim http://www.loc.gov/standards/marcxml/schema/MARC21slim.xsd" ><leader>01367nam a2200277 a 4500</leader><controlfield tag="005">20160427072546.0</controlfield><controlfield tag="008">131110r20161690sz |||| s|||| 000 0 fre d</controlfield><controlfield tag="001">9925870303701791</controlfield><datafield tag="035" ind1=" " ind2=" "><subfield code="a">bv9925870303701791</subfield></datafield><datafield tag="040" ind1=" " ind2=" "><subfield code="a">BiG</subfield><subfield code="c">BiG</subfield></datafield><datafield tag="041" ind1="1" ind2=" "><subfield code="a">fre</subfield><subfield code="h">ita</subfield></datafield><datafield tag="100" ind1="1" ind2=" "><subfield code="a">Davila, Arrigo Caterino</subfield></datafield><datafield tag="245" ind1="1" ind2="0"><subfield code="a">Histoire des guerres civiles de France</subfield><subfield code="h">[Ressource électronique] :</subfield><subfield code="b">contenant tout ce qui s'est passé de plus mémorable sous le règne de quatre rois : François II, Charles IX, Henri III &amp; Henri IV, surnommé le Grand : jusques à la paix de Vervins inclusivement /</subfield><subfield code="c">trad. de l'italien de H.C. Davila par J. Baudoin</subfield></datafield><datafield tag="260" ind1=" " ind2=" "><subfield code="a">[Berne] :</subfield><subfield code="b">[Bibliothèque Am Guisanplatz],</subfield><subfield code="c">[2016]</subfield></datafield><datafield tag="500" ind1=" " ind2=" "><subfield code="a">Titre de la numérisation</subfield></datafield><datafield tag="516" ind1=" " ind2=" "><subfield code="a">PDF</subfield></datafield><datafield tag="534" ind1=" " ind2=" "><subfield code="p">Reprod. électronique de l'éd. de:</subfield><subfield code="c">Paris : Guillaume Cavelier, 1690. -</subfield><subfield code="e">3 vol. (678, 564, 562 p.) ; 17 cm</subfield></datafield><datafield tag="500" ind1=" " ind2=" "><subfield code="a">Trad. de: Historia delle guerre civili di Francia</subfield></datafield><datafield tag="650" ind1=" " ind2="7"><subfield code="a">Bürgerkrieg</subfield><subfield code="0">(DE-101)040087840</subfield><subfield code="2">GND</subfield></datafield><datafield tag="650" ind1=" " ind2="7"><subfield code="a">Kriegsgeschichte</subfield><subfield code="0">(DE-101)130709174</subfield><subfield code="2">GND</subfield></datafield><datafield tag="650" ind1=" " ind2="7"><subfield code="a">Geschichte</subfield><subfield code="0">(DE-101)040205177</subfield><subfield code="2">GND</subfield></datafield><datafield tag="651" ind1=" " ind2="7"><subfield code="a">Frankreich</subfield><subfield code="0">(DE-101)040181456</subfield><subfield code="2">GND</subfield></datafield><datafield tag="700" ind1="1" ind2=" "><subfield code="a">Davila, Arrigo Caterino. -</subfield><subfield code="t">Historia delle guerre civili di Francia</subfield><subfield code="h">[Risorsa elettronica]</subfield><subfield code="l">(français)</subfield></datafield><datafield tag="700" ind1="1" ind2=" "><subfield code="a">Baudoin, Jean,</subfield><subfield code="d">ca. 1590-1650</subfield></datafield><datafield tag="909" ind1=" " ind2=" "><subfield code="a">EOD</subfield><subfield code="2">BIG</subfield><subfield code="6">DIGI</subfield></datafield><datafield tag="945" ind1=" " ind2=" "><subfield code="a">1490</subfield><subfield code="b">1600</subfield></datafield><datafield tag="AVD" ind1="0" ind2=" "><subfield code="b">12342449250001791</subfield><subfield code="g">BIG</subfield><subfield code="d">https://thisisallfake.example.com/view/delivery/thumbnail/41BIG_INST/12342449250001791</subfield><subfield code="e">Band 1 - 3</subfield><subfield code="c">https://thisisallfake.example.com/view/delivery/41BIG_INST/12342449250001791</subfield><subfield code="s">3 file/s (pdf)</subfield></datafield></record>
</metadata></record>