<record><header><identifier>oai:urm_publish:9925870304301791</identifier><datestamp>2016-05-02T08:06:51Z</datestamp><setSpec>TESTING_DIGI_TEST</setSpec><setSpec>TESTING_DIGI</setSpec></header><metadata xmlns:xsi="http://www.w3.org/2001/XMLSchema-instance">
<record xmlns="http://www.loc.gov/MARC21/slim" xmlns:xsi="http://www.w3.org/2001/XMLSchema-instance" xsi:schemaLocation="http://www.loc.gov/MARC21/slim http://www.loc.gov/standards/marcxml/schema/MARC21slim.xsd" ><leader>01046nam a2200241 a 4500</leader><controlfield tag="005">20160427072546.0</controlfield><controlfield tag="008">131110r20161724sz |||| s|||| 000 0 fre d</controlfield><controlfield tag="001">9925870304301791</controlfield><datafield tag="035" ind1=" " ind2=" "><subfield code="a">bv9925870304301791</subfield></datafield><datafield tag="040" ind1=" " ind2=" "><subfield code="a">BiG</subfield><subfield code="c">BiG</subfield></datafield><datafield tag="100" ind1="1" ind2=" "><subfield code="a">Folard, Jean-Charles de</subfield></datafield><datafield tag="245" ind1="1" ind2="0"><subfield code="a">Nouvelles découvertes sur la guerre, dans une dissertation sur Polybe</subfield><subfield code="h">[Ressource électronique] :</subfield><subfield code="b">ouvrage utile &amp; nécessaire à tous les généraux, commandans &amp; officiers d'armées /</subfield><subfield code="c">par de Folard</subfield></datafield><datafield tag="250" ind1=" " ind2=" "><subfield code="a">Seconde éd. /</subfield><subfield code="b">rev. par l'auteur</subfield></datafield><datafield tag="260" ind1=" " ind2=" "><subfield code="a">[Berne] :</subfield><subfield code="b">[Bibliothèque Am Guisanplatz],</subfield><subfield code="c">[2016]</subfield></datafield><datafield tag="500" ind1=" " ind2=" "><subfield code="a">Titre de la numérisation</subfield></datafield><datafield tag="516" ind1=" " ind2=" "><subfield code="a">PDF</subfield></datafield><datafield tag="534" ind1=" " ind2=" "><subfield code="p">Réprod. électronique  de l'éd. de:</subfield><subfield code="c">Paris : Jean-François Josse, 1724. -</subfield><subfield code="e">XXXII, 272 p., [4] f. de dépl. : ill. ; 16 cm</subfield></datafield><datafield tag="650" ind1=" " ind2="7"><subfield code="a">Kriegstheorie</subfield><subfield code="0">(DE-101)130709182</subfield><subfield code="2">GND</subfield></datafield><datafield tag="650" ind1=" " ind2="7"><subfield code="a">Militärausbildung</subfield><subfield code="0">(DE-101)040748022</subfield><subfield code="2">GND</subfield></datafield><datafield tag="650" ind1=" " ind2="7"><subfield code="a">Taktik</subfield><subfield code="0">(DE-101)040589404</subfield><subfield code="2">GND</subfield></datafield><datafield tag="650" ind1=" " ind2="7"><subfield code="a">Krieg</subfield><subfield code="0">(DE-101)040331148</subfield><subfield code="2">GND</subfield></datafield><datafield tag="909" ind1=" " ind2=" "><subfield code="a">EOD</subfield><subfield code="2">BIG</subfield><subfield code="6">DIGI</subfield></datafield><datafield tag="945" ind1=" " ind2=" "><subfield code="b">1724</subfield><subfield code="c">200</subfield></datafield><datafield tag="AVD" ind1="0" ind2=" "><subfield code="b">12342297430001791</subfield><subfield code="g">BIG</subfield><subfield code="d">https://thisisallfake.example.com/view/delivery/thumbnail/41BIG_INST/12342297430001791</subfield><subfield code="e">Nouvelles découvertes sur la guerre, dans une dissertation sur Polybe ouvrage utile</subfield><subfield code="c">https://thisisallfake.example.com/view/delivery/41BIG_INST/12342297430001791</subfield><subfield code="s">1 file/s (pdf)</subfield></datafield></record>
</metadata></record>