<record><header><identifier>oai:urm_publish:9925870305201791</identifier><datestamp>2016-05-02T08:06:51Z</datestamp><setSpec>TESTING_DIGI_TEST</setSpec><setSpec>TESTING_DIGI</setSpec></header><metadata xmlns:xsi="http://www.w3.org/2001/XMLSchema-instance">
<record xmlns="http://www.loc.gov/MARC21/slim" xmlns:xsi="http://www.w3.org/2001/XMLSchema-instance" xsi:schemaLocation="http://www.loc.gov/MARC21/slim http://www.loc.gov/standards/marcxml/schema/MARC21slim.xsd" ><leader>00829nam a2200217 a 4500</leader><controlfield tag="005">20160427072546.0</controlfield><controlfield tag="008">131110r20161876sz |||| s|||| 000 0 fre d</controlfield><controlfield tag="001">9925870305201791</controlfield><datafield tag="035" ind1=" " ind2=" "><subfield code="a">bv9925870305201791</subfield></datafield><datafield tag="040" ind1=" " ind2=" "><subfield code="a">BiG</subfield><subfield code="c">BiG</subfield></datafield><datafield tag="100" ind1="1" ind2=" "><subfield code="a">Susane, Louis</subfield></datafield><datafield tag="245" ind1="1" ind2="0"><subfield code="a">Histoire de l'infanterie française</subfield><subfield code="h">[Ressource électronique] /</subfield><subfield code="c">par Susane</subfield></datafield><datafield tag="260" ind1=" " ind2=" "><subfield code="a">[Berne] :</subfield><subfield code="b">[Bibliothèque Am Guisanplatz (BiG)],</subfield><subfield code="c">[2016]</subfield></datafield><datafield tag="500" ind1=" " ind2=" "><subfield code="a">Titre de la numérisation</subfield></datafield><datafield tag="516" ind1=" " ind2=" "><subfield code="a">PDF</subfield></datafield><datafield tag="534" ind1=" " ind2=" "><subfield code="a">Reprod. électronique de l'éd. de:</subfield><subfield code="c">Paris : Librairie militaire de J. Dumaine, 1876. -</subfield><subfield code="e">5 vol. (437, 449, 465, 468, 436 p.) ; 19 cm</subfield></datafield><datafield tag="650" ind1=" " ind2="7"><subfield code="a">Militärgeschichte</subfield><subfield code="0">(DE-101)130710202</subfield><subfield code="2">GND</subfield></datafield><datafield tag="650" ind1=" " ind2="7"><subfield code="a">Infanterie</subfield><subfield code="0">(DE-101)041616472</subfield><subfield code="2">GND</subfield></datafield><datafield tag="651" ind1=" " ind2="7"><subfield code="a">Frankreich</subfield><subfield code="0">(DE-101)040181456</subfield><subfield code="2">GND</subfield></datafield><datafield tag="909" ind1=" " ind2=" "><subfield code="a">EOD</subfield><subfield code="2">BIG</subfield><subfield code="6">DIGI</subfield></datafield><datafield tag="945" ind1=" " ind2=" "><subfield code="b">1849</subfield><subfield code="c">600</subfield></datafield><datafield tag="AVD" ind1="0" ind2=" "><subfield code="b">12342319720001791</subfield><subfield code="g">BIG</subfield><subfield code="d">https://thisisallfake.example.com/view/delivery/thumbnail/41BIG_INST/12342319720001791</subfield><subfield code="e">Band 1 bis 5</subfield><subfield code="c">https://thisisallfake.example.com/view/delivery/41BIG_INST/12342319720001791</subfield><subfield code="s">5 file/s (pdf)</subfield></datafield></record>
</metadata></record>