<record><header><identifier>oai:urm_publish:9925870305301791</identifier><datestamp>2016-05-02T08:06:51Z</datestamp><setSpec>TESTING_DIGI_TEST</setSpec><setSpec>TESTING_DIGI</setSpec></header><metadata xmlns:xsi="http://www.w3.org/2001/XMLSchema-instance">
<record xmlns="http://www.loc.gov/MARC21/slim" xmlns:xsi="http://www.w3.org/2001/XMLSchema-instance" xsi:schemaLocation="http://www.loc.gov/MARC21/slim http://www.loc.gov/standards/marcxml/schema/MARC21slim.xsd" ><leader>01118nam a2200277 a 4500</leader><controlfield tag="005">20160427072546.0</controlfield><controlfield tag="008">160321r20161744sz |||| s|||| 000 0dfre d</controlfield><controlfield tag="001">9925870305301791</controlfield><datafield tag="035" ind1=" " ind2=" "><subfield code="a">bv9925870305301791</subfield></datafield><datafield tag="040" ind1=" " ind2=" "><subfield code="a">BiG</subfield><subfield code="c">BiG</subfield></datafield><datafield tag="100" ind1="1" ind2=" "><subfield code="a">Rohan, Henri,</subfield><subfield code="c">duc de</subfield></datafield><datafield tag="245" ind1="1" ind2="3"><subfield code="a">Le parfait capitaine, ou, Abrégé des guerres des Commentaires de César</subfield><subfield code="h">[Ressource électronique] /</subfield><subfield code="c">[H. d. R.]</subfield></datafield><datafield tag="260" ind1=" " ind2=" "><subfield code="a">[Berne] :</subfield><subfield code="b">[Bibliothèque Am Guisanplatz (BiG)],</subfield><subfield code="c">[2016]</subfield></datafield><datafield tag="500" ind1=" " ind2=" "><subfield code="a">H. d. R. (Henri de Rohan)</subfield></datafield><datafield tag="500" ind1=" " ind2=" "><subfield code="a">Titre de la numérisation</subfield></datafield><datafield tag="501" ind1=" " ind2=" "><subfield code="a">Contient aussi: Traité de la guerre</subfield></datafield><datafield tag="516" ind1=" " ind2=" "><subfield code="a">PDF</subfield></datafield><datafield tag="534" ind1=" " ind2=" "><subfield code="p">Reprod. électronique de l'éd. de:</subfield><subfield code="c">[S.l.] : [s.n.], 1744. -</subfield><subfield code="e">XII, 330 p. ; 15 cm</subfield></datafield><datafield tag="600" ind1="1" ind2="7"><subfield code="a">Cäsar, Julius</subfield><subfield code="0">(DE-101)175154473</subfield><subfield code="2">GND</subfield></datafield><datafield tag="650" ind1=" " ind2="7"><subfield code="a">Gallischer Krieg</subfield><subfield code="0">(DE-101)041286170</subfield><subfield code="2">GND</subfield></datafield><datafield tag="650" ind1=" " ind2="7"><subfield code="a">Kriegsgeschichte</subfield><subfield code="0">(DE-101)130709174</subfield><subfield code="2">GND</subfield></datafield><datafield tag="650" ind1=" " ind2="7"><subfield code="a">Kriegstheorie</subfield><subfield code="0">(DE-101)130709182</subfield><subfield code="2">GND</subfield></datafield><datafield tag="650" ind1=" " ind2="7"><subfield code="a">Taktik</subfield><subfield code="0">(DE-101)040589404</subfield><subfield code="2">GND</subfield></datafield><datafield tag="700" ind1="1" ind2=" "><subfield code="a">Rohan, Henri,</subfield><subfield code="c">duc de. -</subfield><subfield code="t">Traité de la guerre</subfield><subfield code="h">[Ressource électronique]</subfield></datafield><datafield tag="909" ind1=" " ind2=" "><subfield code="a">EOD</subfield><subfield code="2">BIG</subfield><subfield code="6">DIGI</subfield></datafield><datafield tag="945" ind1=" " ind2=" "><subfield code="b">1638</subfield><subfield code="c">58</subfield></datafield><datafield tag="AVD" ind1="0" ind2=" "><subfield code="b">12342298310001791</subfield><subfield code="g">BIG</subfield><subfield code="d">https://thisisallfake.example.com/view/delivery/thumbnail/41BIG_INST/12342298310001791</subfield><subfield code="e">Le parfait capitaine, ou, Abrégé des guerres des Commentaires de César </subfield><subfield code="c">https://thisisallfake.example.com/view/delivery/41BIG_INST/12342298310001791</subfield><subfield code="s">1 file/s (pdf)</subfield></datafield></record>
</metadata></record>