<record><header><identifier>oai:urm_publish:9925870305801791</identifier><datestamp>2016-05-02T08:06:51Z</datestamp><setSpec>TESTING_DIGI_TEST</setSpec><setSpec>TESTING_DIGI</setSpec></header><metadata xmlns:xsi="http://www.w3.org/2001/XMLSchema-instance">
<record xmlns="http://www.loc.gov/MARC21/slim" xmlns:xsi="http://www.w3.org/2001/XMLSchema-instance" xsi:schemaLocation="http://www.loc.gov/MARC21/slim http://www.loc.gov/standards/marcxml/schema/MARC21slim.xsd" ><leader>00906nam a2200229 a 4500</leader><controlfield tag="005">20160427072546.0</controlfield><controlfield tag="008">131110r20161726sz |||| s|||| 000 0 fre d</controlfield><controlfield tag="001">9925870305801791</controlfield><datafield tag="035" ind1=" " ind2=" "><subfield code="a">bv9925870305801791</subfield></datafield><datafield tag="040" ind1=" " ind2=" "><subfield code="a">BiG</subfield><subfield code="c">BiG</subfield></datafield><datafield tag="100" ind1="1" ind2=" "><subfield code="a">Bombelles, Henri François de</subfield></datafield><datafield tag="245" ind1="1" ind2="0"><subfield code="a">Mémoires sur le service journalier de l'infanterie</subfield><subfield code="h">[Ressource électronique] /</subfield><subfield code="c">par de Bombelles</subfield></datafield><datafield tag="260" ind1=" " ind2=" "><subfield code="a">[Berne] :</subfield><subfield code="b">[Bibliothèque Am Guisanplatz (BiG)],</subfield><subfield code="c">[2016]</subfield></datafield><datafield tag="500" ind1=" " ind2=" "><subfield code="a">Titre de la numérisation</subfield></datafield><datafield tag="516" ind1=" " ind2=" "><subfield code="a">PDF</subfield></datafield><datafield tag="534" ind1=" " ind2=" "><subfield code="p">Reprod. électronique de l’éd. de:</subfield><subfield code="c">Paris : chez Louis-Denis Delatour, 1726. -</subfield><subfield code="e">406 p., [1] f. de dépl ; 17 cm</subfield></datafield><datafield tag="650" ind1=" " ind2="7"><subfield code="a">Militärausbildung</subfield><subfield code="0">(DE-101)040748022</subfield><subfield code="2">GND</subfield></datafield><datafield tag="650" ind1=" " ind2="7"><subfield code="a">Dienstvorschrift</subfield><subfield code="0">(DE-101)042531349</subfield><subfield code="2">GND</subfield></datafield><datafield tag="650" ind1=" " ind2="7"><subfield code="a">Infanterie</subfield><subfield code="0">(DE-101)041616472</subfield><subfield code="2">GND</subfield></datafield><datafield tag="651" ind1=" " ind2="7"><subfield code="a">Frankreich</subfield><subfield code="0">(DE-101)040181456</subfield><subfield code="2">GND</subfield></datafield><datafield tag="909" ind1=" " ind2=" "><subfield code="a">EOD</subfield><subfield code="2">BIG</subfield><subfield code="6">DIGI</subfield></datafield><datafield tag="945" ind1=" " ind2=" "><subfield code="a">1726</subfield></datafield><datafield tag="AVD" ind1="0" ind2=" "><subfield code="b">12342299670001791</subfield><subfield code="g">BIG</subfield><subfield code="d">https://thisisallfake.example.com/view/delivery/thumbnail/41BIG_INST/12342299670001791</subfield><subfield code="e">Mémoires sur le service journalier de l'infanterie</subfield><subfield code="c">https://thisisallfake.example.com/view/delivery/41BIG_INST/12342299670001791</subfield><subfield code="s">1 file/s (pdf)</subfield></datafield></record>
</metadata></record>