<record><header><identifier>oai:urm_publish:9925870704901791</identifier><datestamp>2016-05-02T08:06:51Z</datestamp><setSpec>TESTING_DIGI_TEST</setSpec><setSpec>TESTING_DIGI</setSpec></header><metadata xmlns:xsi="http://www.w3.org/2001/XMLSchema-instance">
<record xmlns="http://www.loc.gov/MARC21/slim" xmlns:xsi="http://www.w3.org/2001/XMLSchema-instance" xsi:schemaLocation="http://www.loc.gov/MARC21/slim http://www.loc.gov/standards/marcxml/schema/MARC21slim.xsd" ><leader>00666nam a2200181 a 4500</leader><controlfield tag="005">20160427072547.0</controlfield><controlfield tag="008">131110r20161740fr |||| s||||f001 0 fre d</controlfield><controlfield tag="001">9925870704901791</controlfield><datafield tag="035" ind1=" " ind2=" "><subfield code="a">bv9925870704901791</subfield></datafield><datafield tag="040" ind1=" " ind2=" "><subfield code="a">BiG</subfield><subfield code="c">BiG</subfield></datafield><datafield tag="100" ind1="0" ind2=" "><subfield code="a">Louis</subfield><subfield code="c">(France ; Roi ;</subfield><subfield code="b">14)</subfield><subfield code="0">986813230001791</subfield></datafield><datafield tag="245" ind1="1" ind2="0"><subfield code="a">Règlement général du roy pour le régiment de ses gardes françoises</subfield><subfield code="h">[Ressource électronique] :</subfield><subfield code="b">1691</subfield></datafield><datafield tag="260" ind1=" " ind2=" "><subfield code="a">[Bern] :</subfield><subfield code="b">[Bibliothèque Am Guisanplatz],</subfield><subfield code="c">[2016]</subfield></datafield><datafield tag="500" ind1=" " ind2=" "><subfield code="a">Titre de la numérisation</subfield></datafield><datafield tag="500" ind1=" " ind2=" "><subfield code="a">Index</subfield></datafield><datafield tag="516" ind1=" " ind2=" "><subfield code="a">PDF</subfield></datafield><datafield tag="534" ind1=" " ind2=" "><subfield code="p">Reprod. électronique de l'éd. de:</subfield><subfield code="c">Paris : Imprimerie royale, 1740. -</subfield><subfield code="e">132 p. ; 17 cm</subfield></datafield><datafield tag="909" ind1=" " ind2=" "><subfield code="a">EOD</subfield><subfield code="2">BIG</subfield><subfield code="6">DIGI</subfield></datafield><datafield tag="AVD" ind1="0" ind2=" "><subfield code="b">12342447010001791</subfield><subfield code="g">BIG</subfield><subfield code="d">https://thisisallfake.example.com/view/delivery/thumbnail/41BIG_INST/12342447010001791</subfield><subfield code="e">Règlement général du roy pour le régiment de ses gardes françoises 1691</subfield><subfield code="c">https://thisisallfake.example.com/view/delivery/41BIG_INST/12342447010001791</subfield><subfield code="s">1 file/s (pdf)</subfield></datafield></record>
</metadata></record>