<record><header><identifier>oai:urm_publish:9925871604701791</identifier><datestamp>2016-05-02T08:06:51Z</datestamp><setSpec>TESTING_DIGI_TEST</setSpec><setSpec>TESTING_DIGI</setSpec></header><metadata xmlns:xsi="http://www.w3.org/2001/XMLSchema-instance">
<record xmlns="http://www.loc.gov/MARC21/slim" xmlns:xsi="http://www.w3.org/2001/XMLSchema-instance" xsi:schemaLocation="http://www.loc.gov/MARC21/slim http://www.loc.gov/standards/marcxml/schema/MARC21slim.xsd" ><leader>00881nam a2200229 a 4500</leader><controlfield tag="005">20160427072547.0</controlfield><controlfield tag="008">131110r20161757sz |||| s|||| 000 0 fre d</controlfield><controlfield tag="001">9925871604701791</controlfield><datafield tag="035" ind1=" " ind2=" "><subfield code="a">bv9925871604701791</subfield></datafield><datafield tag="040" ind1=" " ind2=" "><subfield code="a">BiG</subfield><subfield code="c">BiG</subfield></datafield><datafield tag="110" ind1="1" ind2=" "><subfield code="a">France</subfield><subfield code="0">986693760001791</subfield><subfield code="2">GND</subfield></datafield><datafield tag="245" ind1="1" ind2="0"><subfield code="a">Ordonnance du roi, portant règlement sur le service de l'infanterie en campagne, du 17 février 1753</subfield><subfield code="h">[Ressource électronique]</subfield></datafield><datafield tag="260" ind1=" " ind2=" "><subfield code="a">[Berne] :</subfield><subfield code="b">[Bibliothèque Am Guisanplatz (BiG)],</subfield><subfield code="c">[2016]</subfield></datafield><datafield tag="500" ind1=" " ind2=" "><subfield code="a">Titre de la numérisation</subfield></datafield><datafield tag="516" ind1=" " ind2=" "><subfield code="a">PDF</subfield></datafield><datafield tag="534" ind1=" " ind2=" "><subfield code="p">Reprod. de l'éd. de:</subfield><subfield code="c">Paris : chez Prault père, 1757. -</subfield><subfield code="e">275 p. ; 12 cm</subfield></datafield><datafield tag="600" ind1="0" ind2="7"><subfield code="a">Ludwig</subfield><subfield code="b">XV.</subfield><subfield code="c">Frankreich, König</subfield><subfield code="d">1710-1774</subfield><subfield code="0">118729438</subfield><subfield code="2">GND</subfield></datafield><datafield tag="650" ind1=" " ind2="7"><subfield code="a">Dienstvorschrift</subfield><subfield code="0">042531349</subfield><subfield code="2">GND</subfield></datafield><datafield tag="650" ind1=" " ind2="7"><subfield code="a">Infanterie</subfield><subfield code="0">041616472</subfield><subfield code="2">GND</subfield></datafield><datafield tag="651" ind1=" " ind2="7"><subfield code="a">Frankreich</subfield><subfield code="0">040181456</subfield><subfield code="2">GND</subfield></datafield><datafield tag="909" ind1=" " ind2=" "><subfield code="a">EOD</subfield><subfield code="2">BIG</subfield><subfield code="6">DIGI</subfield></datafield><datafield tag="945" ind1=" " ind2=" "><subfield code="a">1757</subfield></datafield><datafield tag="AVD" ind1="0" ind2=" "><subfield code="b">12342695460001791</subfield><subfield code="g">BIG</subfield><subfield code="d">https://thisisallfake.example.com/view/delivery/thumbnail/41BIG_INST/12342695460001791</subfield><subfield code="e">Ordonnance du roi, portant règlement </subfield><subfield code="c">https://thisisallfake.example.com/view/delivery/41BIG_INST/12342695460001791</subfield><subfield code="s">1 file/s (pdf)</subfield></datafield></record>
</metadata></record>