<record><header><identifier>oai:urm_publish:9925871900901791</identifier><datestamp>2016-05-02T08:06:51Z</datestamp><setSpec>TESTING_DIGI_TEST</setSpec><setSpec>TESTING_DIGI</setSpec></header><metadata xmlns:xsi="http://www.w3.org/2001/XMLSchema-instance">
<record xmlns="http://www.loc.gov/MARC21/slim" xmlns:xsi="http://www.w3.org/2001/XMLSchema-instance" xsi:schemaLocation="http://www.loc.gov/MARC21/slim http://www.loc.gov/standards/marcxml/schema/MARC21slim.xsd" ><leader>01001ntd a2200253 a 4500</leader><controlfield tag="005">20160427072548.0</controlfield><controlfield tag="008">160415r201619uusz |||| s|||| 000 0dger d</controlfield><controlfield tag="001">9925871900901791</controlfield><datafield tag="035" ind1=" " ind2=" "><subfield code="a">bv9925871900901791</subfield></datafield><datafield tag="040" ind1=" " ind2=" "><subfield code="a">BiG</subfield><subfield code="c">BiG</subfield></datafield><datafield tag="245" ind1="0" ind2="0"><subfield code="a">[Namensverzeichnis (Abyberg bis Zumbüel) der Offiziere in sardisch-piemontesischen Diensten ca. 1500-1800]</subfield><subfield code="h">[Elektronische Ressource]  /</subfield><subfield code="c">[Max F. Schafroth],</subfield><subfield code="f">19??</subfield></datafield><datafield tag="260" ind1=" " ind2=" "><subfield code="a">[Bern] :</subfield><subfield code="b">[Bibliothek am Guisanplatz],</subfield><subfield code="c">[2016]</subfield></datafield><datafield tag="500" ind1=" " ind2=" "><subfield code="a">Teil der Sammlung Schafroth der Bibliothek am Guisanplatz BiG, Bern</subfield></datafield><datafield tag="500" ind1=" " ind2=" "><subfield code="a">Titel von Digitalisat</subfield></datafield><datafield tag="516" ind1=" " ind2=" "><subfield code="a">PDF</subfield></datafield><datafield tag="534" ind1=" " ind2=" "><subfield code="p">Elektron. Reprod.</subfield><subfield code="c">der Handschrift von 19?? -</subfield><subfield code="e">1 Ordner ; 25 cm</subfield></datafield><datafield tag="650" ind1=" " ind2="7"><subfield code="a">Verzeichnis</subfield><subfield code="0">041881710</subfield><subfield code="2">gnd</subfield></datafield><datafield tag="650" ind1=" " ind2="7"><subfield code="a">Regiment</subfield><subfield code="0">040490254</subfield><subfield code="2">gnd</subfield></datafield><datafield tag="650" ind1=" " ind2="7"><subfield code="a">Offizier</subfield><subfield code="0">040433757</subfield><subfield code="2">gnd</subfield></datafield><datafield tag="651" ind1=" " ind2="7"><subfield code="a">Königreich Sardinien</subfield><subfield code="0">040516873</subfield><subfield code="2">gnd</subfield></datafield><datafield tag="700" ind1="1" ind2=" "><subfield code="a">Schafroth, Max F.</subfield></datafield><datafield tag="710" ind1="2" ind2=" "><subfield code="a">Sammlung Schafroth</subfield><subfield code="0">9825871901301791</subfield></datafield><datafield tag="909" ind1=" " ind2=" "><subfield code="a">EOD</subfield><subfield code="2">BIG</subfield><subfield code="6">DIGI</subfield></datafield><datafield tag="945" ind1=" " ind2=" "><subfield code="a">1500</subfield><subfield code="b">1800</subfield></datafield><datafield tag="AVD" ind1="0" ind2=" "><subfield code="b">12342699040001791</subfield><subfield code="g">BIG</subfield><subfield code="d">https://thisisallfake.example.com/view/delivery/thumbnail/41BIG_INST/12342699040001791</subfield><subfield code="e">Namensverzeichnis (Abyberg bis Zumbüel</subfield><subfield code="c">https://thisisallfake.example.com/view/delivery/41BIG_INST/12342699040001791</subfield><subfield code="s">1 file/s (pdf)</subfield></datafield></record>
</metadata></record>