<record><header><identifier>oai:urm_publish:9925872090301791</identifier><datestamp>2016-05-02T08:06:51Z</datestamp><setSpec>TESTING_DIGI_TEST</setSpec><setSpec>TESTING_DIGI</setSpec></header><metadata xmlns:xsi="http://www.w3.org/2001/XMLSchema-instance">
<record xmlns="http://www.loc.gov/MARC21/slim" xmlns:xsi="http://www.w3.org/2001/XMLSchema-instance" xsi:schemaLocation="http://www.loc.gov/MARC21/slim http://www.loc.gov/standards/marcxml/schema/MARC21slim.xsd" ><leader>00839nam a2200193 a 4500</leader><controlfield tag="005">20160427072548.0</controlfield><controlfield tag="008">131110r20161910sz ||||  |||| 000 0 ger d</controlfield><controlfield tag="001">9925872090301791</controlfield><datafield tag="035" ind1=" " ind2=" "><subfield code="a">bv9925872090301791</subfield></datafield><datafield tag="040" ind1=" " ind2=" "><subfield code="a">BiG</subfield><subfield code="c">BiG</subfield></datafield><datafield tag="100" ind1="1" ind2=" "><subfield code="a">Frey, H.</subfield></datafield><datafield tag="245" ind1="1" ind2="0"><subfield code="a">Militär-geographische Beschreibung des Süd-Tessins</subfield><subfield code="h">[Elektronische Ressource] :</subfield><subfield code="b">(Sotte Ceneri und Tessintal zwischen Bellinzona und dem Lago Maggiore) /</subfield><subfield code="c">bearb. von H. Frey</subfield></datafield><datafield tag="246" ind1="3" ind2=" "><subfield code="a">Militärgeographische Beschreibung des Süd-Tessins</subfield><subfield code="h">[Elektronische Ressource]</subfield></datafield><datafield tag="260" ind1=" " ind2=" "><subfield code="a">[Bern] :</subfield><subfield code="b">[Bibliothek am Guisanplatz (BiG)], [2016]</subfield></datafield><datafield tag="500" ind1=" " ind2=" "><subfield code="a">Titel von Digitalisat</subfield></datafield><datafield tag="500" ind1=" " ind2=" "><subfield code="a">"Karte 1:100 000, Überdruck, Bellinzona 1910"</subfield></datafield><datafield tag="516" ind1=" " ind2=" "><subfield code="a">PDF</subfield></datafield><datafield tag="534" ind1=" " ind2=" "><subfield code="p">Elektron. Reproduktion der Ausg. von:</subfield><subfield code="c">S.l. : s.n., 1910. -</subfield><subfield code="e">36 Bl. ; 36 cm</subfield></datafield><datafield tag="909" ind1=" " ind2=" "><subfield code="a">EOD</subfield><subfield code="2">BIG</subfield><subfield code="6">DIGI</subfield></datafield><datafield tag="AVD" ind1="0" ind2=" "><subfield code="b">12342670660001791</subfield><subfield code="g">BIG</subfield><subfield code="d">https://thisisallfake.example.com/view/delivery/thumbnail/41BIG_INST/12342670660001791</subfield><subfield code="e">Militär-geographische Beschreibung des Süd-Tessins </subfield><subfield code="c">https://thisisallfake.example.com/view/delivery/41BIG_INST/12342670660001791</subfield><subfield code="s">1 file/s (pdf)</subfield></datafield></record>
</metadata></record>