<record><header><identifier>oai:urm_publish:9925872094101791</identifier><datestamp>2016-05-02T08:06:51Z</datestamp><setSpec>TESTING_DIGI_TEST</setSpec><setSpec>TESTING_DIGI</setSpec></header><metadata xmlns:xsi="http://www.w3.org/2001/XMLSchema-instance">
<record xmlns="http://www.loc.gov/MARC21/slim" xmlns:xsi="http://www.w3.org/2001/XMLSchema-instance" xsi:schemaLocation="http://www.loc.gov/MARC21/slim http://www.loc.gov/standards/marcxml/schema/MARC21slim.xsd" ><leader>06336nam a2200997 a 4500</leader><controlfield tag="005">20160428123736.0</controlfield><controlfield tag="008">131110r20161906sz |||| s||||f000 0 ger d</controlfield><controlfield tag="001">9925872094101791</controlfield><datafield tag="035" ind1=" " ind2=" "><subfield code="a">bv9925872094101791</subfield></datafield><datafield tag="040" ind1=" " ind2=" "><subfield code="a">BiG</subfield><subfield code="c">BiG</subfield></datafield><datafield tag="100" ind1="1" ind2=" "><subfield code="a">Keller, Arnold</subfield></datafield><datafield tag="245" ind1="1" ind2="0"><subfield code="a">Militärgeographie der Schweiz und ihrer Grenzgebiete</subfield><subfield code="h">[Elektronische Ressource] /</subfield><subfield code="c">von A. Keller ; Generalstabsabteilung des Schweiz. Militärdepartementes</subfield></datafield><datafield tag="260" ind1=" " ind2=" "><subfield code="a">[Bern] :</subfield><subfield code="b">[Bibliothek am Guisanplatz (BiG)],</subfield><subfield code="c">[2016]</subfield></datafield><datafield tag="500" ind1=" " ind2=" "><subfield code="a">Titel von Digitalisat</subfield></datafield><datafield tag="504" ind1=" " ind2=" "><subfield code="a">Literaturverz.</subfield></datafield><datafield tag="505" ind1="0" ind2=" "><subfield code="a">[1]: Die Franche-Comté und das obere Saônetal : Sektor 23. - 1906. - 1 Bd. ; 36 cm</subfield></datafield><datafield tag="505" ind1="0" ind2=" "><subfield code="a">[2]: Der Kanton Genf und das Departement de l'Ain : Sektor 1. - 1906. - 1 Bd. ; 36 cm</subfield></datafield><datafield tag="505" ind1="0" ind2=" "><subfield code="a">[3]: Sektor Kanton Neuenburg. - 1907. - III, 106 Bl. ; 36 cm</subfield></datafield><datafield tag="505" ind1="0" ind2=" "><subfield code="a">[4]: Sektor Elsass. - 1907. - IV, 121 Bl. ; 36 cm</subfield></datafield><datafield tag="505" ind1="0" ind2=" "><subfield code="a">[5]: Sektor Berner-Jura. - 1907. - V, 153 Bl. ; 36 cm</subfield></datafield><datafield tag="505" ind1="0" ind2=" "><subfield code="a">[6]: Sektor Savoyen. - 1908. - V, 180 Bl. ; 36 cm</subfield></datafield><datafield tag="505" ind1="0" ind2=" "><subfield code="a">[7]: Das Untere Rhonetal mit dem Pays d'Enhaut. - 1908. - IV, 164 Bl. ; 36 cm</subfield></datafield><datafield tag="505" ind1="0" ind2=" "><subfield code="a">[8]: Sektor Freiburg. - 1908. - IV, 175 Bl. ; 36 cm</subfield></datafield><datafield tag="505" ind1="0" ind2=" "><subfield code="a">[9]: Sektor Mittel-Wallis. - 1909. - V, 169 Bl. ; 36 cm</subfield></datafield><datafield tag="505" ind1="0" ind2=" "><subfield code="a">[10]: Sektor Waadtland. - 1909. - VI, 195 Bl. ; 36 cm</subfield></datafield><datafield tag="505" ind1="0" ind2=" "><subfield code="a">[11]: Sektor Provinz Turin. - 1909. - IV, 170 Bl. ; 36 cm</subfield></datafield><datafield tag="505" ind1="0" ind2=" "><subfield code="a">[12]: Sektor Kanton Unterwalden. - 1910. - IV, 179 Bl. ; 36 cm</subfield></datafield><datafield tag="505" ind1="0" ind2=" "><subfield code="a">[13]: Sektor Berner-Mittelland. - 1910. - VII, 202 Bl. ; 36 cm</subfield></datafield><datafield tag="505" ind1="0" ind2=" "><subfield code="a">[14]: Sektor Berner-Oberland. - 1910. - V, 177 Bl. ; 36 cm</subfield></datafield><datafield tag="505" ind1="0" ind2=" "><subfield code="a">[15]: Sektor Kanton Luzern. - 1911. - IV, 173 Bl. ; 36 cm</subfield></datafield><datafield tag="505" ind1="0" ind2=" "><subfield code="a">[16]: Sektor Oberwallis. - 1911. - V, 210 Bl. ; 36 cm</subfield></datafield><datafield tag="505" ind1="0" ind2=" "><subfield code="a">[17]: Sektor Provinz Novara. - 1911. - VI, 217 Bl. ; 36 cm</subfield></datafield><datafield tag="505" ind1="0" ind2=" "><subfield code="a">[18]: Sektor Baselstadt &amp; -land. - 1912. - III, 135 Bl. ; 36 cm</subfield></datafield><datafield tag="505" ind1="0" ind2=" "><subfield code="a">[19]: Sektor Grossherzogtum Baden. - 1912. - IV, 237 Bl.</subfield></datafield><datafield tag="505" ind1="0" ind2=" "><subfield code="a">[20]: Sektor Kanton Solothurn. - 1912. - III, 170 S. ; 36 cm</subfield></datafield><datafield tag="505" ind1="0" ind2=" "><subfield code="a">[21]: Sektor Kanton Zug. - 1913. - III, 98 Bl. ; 36 cm</subfield></datafield><datafield tag="505" ind1="0" ind2=" "><subfield code="a">[22]: Sektor Kanton Aargau. - 1913. - V, 229 Bl. ; 36 cm</subfield></datafield><datafield tag="505" ind1="0" ind2=" "><subfield code="a">[23]: Sektor Kanton Uri. - 1913. - IV, 269 Bl. ; 36 cm</subfield></datafield><datafield tag="505" ind1="0" ind2=" "><subfield code="a">[24]: Sektor Kanton Tessin. - 1914. - V, 260 Bl. ; 36 cm</subfield></datafield><datafield tag="505" ind1="0" ind2=" "><subfield code="a">[25]: Sektor Kanton Schwyz. - 1914. - IV, 147 Bl. ; 36 cm</subfield></datafield><datafield tag="505" ind1="0" ind2=" "><subfield code="a">[26]: Sektor Kanton Glarus. - 1914. - IV, 128 Bl. ; 36 cm</subfield></datafield><datafield tag="505" ind1="0" ind2=" "><subfield code="a">[27]: Sektor Tirol. - 1915. - VII, 104 Bl. ; 30 cm</subfield></datafield><datafield tag="505" ind1="0" ind2=" "><subfield code="a">[28]: Sektor Provinzen Como und Mailand. - 1915. - VII, 111 Bl. ; 30 cm</subfield></datafield><datafield tag="505" ind1="0" ind2=" "><subfield code="a">[29]: Sektor Provinzen Sondrio, Bergamo und Brescia. - 1915. - V, 86 Bl. ; 30 cm</subfield></datafield><datafield tag="505" ind1="0" ind2=" "><subfield code="a">[30]: Sektor Kanton Zürich. - 1916/17. - II, 69 Bl. ; 30 cm</subfield></datafield><datafield tag="505" ind1="0" ind2=" "><subfield code="a">[31]: Sektor Kanton Schaffhausen. - 1916/17. - III, 66 Bl. ; 30 cm</subfield></datafield><datafield tag="505" ind1="0" ind2=" "><subfield code="a">[32]: Sektor Kanton Thurgau. - 1918. - III, 76 Bl. ; 30 cm</subfield></datafield><datafield tag="505" ind1="0" ind2=" "><subfield code="a">[33]: Sektor Kanton St. Gallen. - 1918/19. - VI, 125 Bl. ; 30 cm</subfield></datafield><datafield tag="505" ind1="0" ind2=" "><subfield code="a">[34]: Sektor Kanton Appenzell. - 1918/19. - III, 58 Bl. ; 30 cm</subfield></datafield><datafield tag="534" ind1=" " ind2=" "><subfield code="p">Elektron. Reprod. der Ausg. von:</subfield><subfield code="c">[Bern] : Generalstabsabteilung des Schweiz. Militärdepartementes, 1906-1919. -</subfield><subfield code="e">34 Bd.</subfield></datafield><datafield tag="700" ind1="1" ind2=" "><subfield code="a">Keller, Arnold. -</subfield><subfield code="t">Die Franche-Comté und das obere Saônetal</subfield><subfield code="h">[Elektronische Ressource]</subfield></datafield><datafield tag="700" ind1="1" ind2=" "><subfield code="a">Keller, Arnold. -</subfield><subfield code="t">Der Kanton Genf und das Departement de l'Ain</subfield><subfield code="h">[Elektronische Ressource]</subfield></datafield><datafield tag="700" ind1="1" ind2=" "><subfield code="a">Keller, Arnold. -</subfield><subfield code="t">Sektor Kanton Neuenburg</subfield><subfield code="h">[Elektronische Ressource]</subfield></datafield><datafield tag="700" ind1="1" ind2=" "><subfield code="a">Keller, Arnold. -</subfield><subfield code="t">Sektor Elsass</subfield><subfield code="h">[Elektronische Ressource]</subfield></datafield><datafield tag="700" ind1="1" ind2=" "><subfield code="a">Keller, Arnold. -</subfield><subfield code="t">Sektor Berner-Jura</subfield><subfield code="h">[Elektronische Ressource]</subfield></datafield><datafield tag="700" ind1="1" ind2=" "><subfield code="a">Keller, Arnold. -</subfield><subfield code="t">Sektor Savoyen</subfield><subfield code="h">[Elektronische Ressource]</subfield></datafield><datafield tag="700" ind1="1" ind2=" "><subfield code="a">Keller, Arnold. -</subfield><subfield code="t">Das Untere Rhonetal mit dem Pays d'Enhaut</subfield><subfield code="h">[Elektronische Ressource]</subfield></datafield><datafield tag="700" ind1="1" ind2=" "><subfield code="a">Keller, Arnold. -</subfield><subfield code="t">Sektor Freiburg</subfield><subfield code="h">[Elektronische Ressource]</subfield></datafield><datafield tag="700" ind1="1" ind2=" "><subfield code="a">Keller, Arnold. -</subfield><subfield code="t">Sektor Mittel-Wallis</subfield><subfield code="h">[Elektronische Ressource]</subfield></datafield><datafield tag="700" ind1="1" ind2=" "><subfield code="a">Keller, Arnold. -</subfield><subfield code="t">Sektor Waadtland</subfield><subfield code="h">[Elektronische Ressource]</subfield></datafield><datafield tag="700" ind1="1" ind2=" "><subfield code="a">Keller, Arnold. -</subfield><subfield code="t">Sektor Provinz Turin</subfield><subfield code="h">[Elektronische Ressource]</subfield></datafield><datafield tag="700" ind1="1" ind2=" "><subfield code="a">Keller, Arnold. -</subfield><subfield code="t">Sektor Kanton Unterwalden</subfield><subfield code="h">[Elektronische Ressource]</subfield></datafield><datafield tag="700" ind1="1" ind2=" "><subfield code="a">Keller, Arnold. -</subfield><subfield code="t">Sektor Berner-Mittelland</subfield><subfield code="h">[Elektronische Ressource]</subfield></datafield><datafield tag="700" ind1="1" ind2=" "><subfield code="a">Keller, Arnold. -</subfield><subfield code="t">Sektor Berner-Oberland</subfield><subfield code="h">[Elektronische Ressource]</subfield></datafield><datafield tag="700" ind1="1" ind2=" "><subfield code="a">Keller, Arnold. -</subfield><subfield code="t">Sektor Kanton Luzern</subfield><subfield code="h">[Elektronische Ressource]</subfield></datafield><datafield tag="700" ind1="1" ind2=" "><subfield code="a">Keller, Arnold. -</subfield><subfield code="t">Sektor Oberwallis</subfield><subfield code="h">[Elektronische Ressource]</subfield></datafield><datafield tag="700" ind1="1" ind2=" "><subfield code="a">Keller, Arnold. -</subfield><subfield code="t">Sektor Provinz Novara</subfield><subfield code="h">[Elektronische Ressource]</subfield></datafield><datafield tag="700" ind1="1" ind2=" "><subfield code="a">Keller, Arnold. -</subfield><subfield code="t">Sektor Baselstadt &amp; -land</subfield><subfield code="h">[Elektronische Ressource]</subfield></datafield><datafield tag="700" ind1="1" ind2=" "><subfield code="a">Keller, Arnold. -</subfield><subfield code="t">Sektor Grossherzogtum Baden</subfield><subfield code="h">[Elektronische Ressource]</subfield></datafield><datafield tag="700" ind1="1" ind2=" "><subfield code="a">Keller, Arnold. -</subfield><subfield code="t">Sektor Kanton Solothurn</subfield><subfield code="h">[Elektronische Ressource]</subfield></datafield><datafield tag="700" ind1="1" ind2=" "><subfield code="a">Keller, Arnold. -</subfield><subfield code="t">Sektor Kanton Zug</subfield><subfield code="h">[Elektronische Ressource]</subfield></datafield><datafield tag="700" ind1="1" ind2=" "><subfield code="a">Keller, Arnold. -</subfield><subfield code="t">Sektor Kanton Aargau</subfield><subfield code="h">[Elektronische Ressource]</subfield></datafield><datafield tag="700" ind1="1" ind2=" "><subfield code="a">Keller, Arnold. -</subfield><subfield code="t">Sektor Kanton Uri</subfield><subfield code="h">[Elektronische Ressource]</subfield></datafield><datafield tag="700" ind1="1" ind2=" "><subfield code="a">Keller, Arnold. -</subfield><subfield code="t">Sektor Kanton Tessin</subfield><subfield code="h">[Elektronische Ressource]</subfield></datafield><datafield tag="700" ind1="1" ind2=" "><subfield code="a">Keller, Arnold. -</subfield><subfield code="t">Sektor Kanton Schwyz</subfield><subfield code="h">[Elektronische Ressource]</subfield></datafield><datafield tag="700" ind1="1" ind2=" "><subfield code="a">Keller, Arnold. -</subfield><subfield code="t">Sektor Kanton Glarus</subfield><subfield code="h">[Elektronische Ressource]</subfield></datafield><datafield tag="700" ind1="1" ind2=" "><subfield code="a">Keller, Arnold. -</subfield><subfield code="t">Sektor Tirol</subfield><subfield code="h">[Elektronische Ressource]</subfield></datafield><datafield tag="700" ind1="1" ind2=" "><subfield code="a">Keller, Arnold. -</subfield><subfield code="t">Sektor Provinzen Como und Mailand</subfield><subfield code="h">[Elektronische Ressource]</subfield></datafield><datafield tag="700" ind1="1" ind2=" "><subfield code="a">Keller, Arnold. -</subfield><subfield code="t">Sektor Provinzen Sondrio, Bergamo und Brescia</subfield><subfield code="h">[Elektronische Ressource]</subfield></datafield><datafield tag="700" ind1="1" ind2=" "><subfield code="a">Keller, Arnold. -</subfield><subfield code="t">Sektor Kanton Zürich</subfield><subfield code="h">[Elektronische Ressource]</subfield></datafield><datafield tag="700" ind1="1" ind2=" "><subfield code="a">Keller, Arnold. -</subfield><subfield code="t">Sektor Kanton Schaffhausen</subfield><subfield code="h">[Elektronische Ressource]</subfield></datafield><datafield tag="700" ind1="1" ind2=" "><subfield code="a">Keller, Arnold. -</subfield><subfield code="t">Sektor Kanton St. Gallen</subfield><subfield code="h">[Elektronische Ressource]</subfield></datafield><datafield tag="700" ind1="1" ind2=" "><subfield code="a">Keller, Arnold. -</subfield><subfield code="t">Sektor Kanton Appenzell</subfield><subfield code="h">[Elektronische Ressource]</subfield></datafield><datafield tag="700" ind1="1" ind2=" "><subfield code="a">Keller, Arnold. -</subfield><subfield code="t">Sektor Kanton Thurgau</subfield><subfield code="h">[Elektronische Ressource]</subfield></datafield><datafield tag="710" ind1="1" ind2=" "><subfield code="a">Schweiz.</subfield><subfield code="b">Generalstabsabteilung</subfield><subfield code="0">986492170001791</subfield></datafield><datafield tag="909" ind1=" " ind2=" "><subfield code="a">EOD</subfield><subfield code="2">BIG</subfield></datafield><datafield tag="AVD" ind1="0" ind2=" "><subfield code="b">12342739600001791</subfield><subfield code="g">BIG</subfield><subfield code="d">https://thisisallfake.example.com/view/delivery/thumbnail/41BIG_INST/12342739600001791</subfield><subfield code="e">Band 1 bis 34</subfield><subfield code="c">https://thisisallfake.example.com/view/delivery/41BIG_INST/12342739600001791</subfield><subfield code="s">15 file/s (pdf)</subfield></datafield></record>
</metadata></record>