<record><header><identifier>oai:urm_publish:9914731514101791</identifier><datestamp>2016-05-02T08:06:51Z</datestamp><setSpec>TESTING_DIGI_TEST</setSpec><setSpec>OAI_Sbib</setSpec><setSpec>TESTING_DIGI</setSpec><setSpec>EOD_BIG</setSpec></header><metadata xmlns:xsi="http://www.w3.org/2001/XMLSchema-instance">
<record xmlns="http://www.loc.gov/MARC21/slim" xmlns:xsi="http://www.w3.org/2001/XMLSchema-instance" xsi:schemaLocation="http://www.loc.gov/MARC21/slim http://www.loc.gov/standards/marcxml/schema/MARC21slim.xsd" ><leader>00645nam a2200169 a 4500</leader><controlfield tag="005">20150723133923.0</controlfield><controlfield tag="008">131110s1827    xxk           000 0deng d</controlfield><controlfield tag="001">9914731514101791</controlfield><datafield tag="035" ind1=" " ind2=" "><subfield code="a">vtls001473151-41big_inst</subfield></datafield><datafield tag="035" ind1=" " ind2=" "><subfield code="a">bv001473151</subfield></datafield><datafield tag="039" ind1=" " ind2="9"><subfield code="a">201209031220</subfield><subfield code="b">afabig</subfield><subfield code="c">201205311557</subfield><subfield code="d">khubig</subfield><subfield code="y">201205311454</subfield><subfield code="z">big2</subfield></datafield><datafield tag="040" ind1=" " ind2=" "><subfield code="a">BiG</subfield><subfield code="c">BiG</subfield></datafield><datafield tag="245" ind1="0" ind2="0"><subfield code="a">Journal of an officer in the King's German Legion :</subfield><subfield code="b">comprising an account of his campaigns and adventures in England, Ireland, Denmark, Portugal, Spain, Malta, Sicily, and Italy</subfield></datafield><datafield tag="260" ind1=" " ind2=" "><subfield code="a">London :</subfield><subfield code="b">H. Colburn,</subfield><subfield code="c">1827</subfield></datafield><datafield tag="300" ind1=" " ind2=" "><subfield code="a">XXIV, 329 S. ;</subfield><subfield code="c">20 cm</subfield></datafield><datafield tag="909" ind1=" " ind2=" "><subfield code="a">EOD</subfield><subfield code="2">BIG</subfield><subfield code="6">DIGI</subfield></datafield><datafield tag="999" ind1=" " ind2=" "><subfield code="a">kat05aerni</subfield></datafield><datafield tag="AVD" ind1="0" ind2=" "><subfield code="b">12331890000001791</subfield><subfield code="g">41BIG</subfield><subfield code="d">https://thisisallfake.example.com/view/delivery/thumbnail/41BIG_INST/12331890000001791</subfield><subfield code="c">https://thisisallfake.example.com/delivery/DeliveryManagerServlet?dps_pid=12331890000001791</subfield><subfield code="s">1 file/s (pdf)</subfield></datafield></record>
</metadata></record>