<record><header><identifier>oai:urm_publish:9914734654101791</identifier><datestamp>2016-05-02T08:06:51Z</datestamp><setSpec>TESTING_DIGI_TEST</setSpec><setSpec>OAI_Sbib</setSpec><setSpec>TESTING_DIGI</setSpec><setSpec>EOD_BIG</setSpec></header><metadata xmlns:xsi="http://www.w3.org/2001/XMLSchema-instance">
<record xmlns="http://www.loc.gov/MARC21/slim" xmlns:xsi="http://www.w3.org/2001/XMLSchema-instance" xsi:schemaLocation="http://www.loc.gov/MARC21/slim http://www.loc.gov/standards/marcxml/schema/MARC21slim.xsd" ><leader>00987nam a2200301 a 4500</leader><controlfield tag="005">20150723133923.0</controlfield><controlfield tag="008">131110m18281829xxka          000 0 eng d</controlfield><controlfield tag="001">9914734654101791</controlfield><datafield tag="035" ind1=" " ind2=" "><subfield code="a">vtls001473465-41big_inst</subfield></datafield><datafield tag="035" ind1=" " ind2=" "><subfield code="a">bv001473465</subfield></datafield><datafield tag="039" ind1=" " ind2="9"><subfield code="a">201206071115</subfield><subfield code="b">acobig</subfield><subfield code="y">201206071110</subfield><subfield code="z">acobig</subfield></datafield><datafield tag="040" ind1=" " ind2=" "><subfield code="a">BiG</subfield><subfield code="c">BiG</subfield></datafield><datafield tag="100" ind1="1" ind2=" "><subfield code="a">Cooke, Edward William</subfield></datafield><datafield tag="245" ind1="1" ind2="0"><subfield code="a">Shipping and craft /</subfield><subfield code="c">drawn from the objects, and etched by Edward William Cooke ; under the superintendence of George Cooke</subfield></datafield><datafield tag="260" ind1=" " ind2=" "><subfield code="a">London :</subfield><subfield code="b">J. and A. Arch [etc.],</subfield><subfield code="c">[1828-1829]</subfield></datafield><datafield tag="300" ind1=" " ind2=" "><subfield code="a">4 Bl. Taf. ;</subfield><subfield code="c">31 cm</subfield></datafield><datafield tag="650" ind1=" " ind2="7"><subfield code="a">Schiffe</subfield><subfield code="2">[midonas]</subfield></datafield><datafield tag="650" ind1=" " ind2="7"><subfield code="a">Bildberichte</subfield><subfield code="2">[midonas]</subfield></datafield><datafield tag="650" ind1=" " ind2="7"><subfield code="a">Gewerbe</subfield><subfield code="2">[midonas]</subfield></datafield><datafield tag="650" ind1=" " ind2="7"><subfield code="a">Wirtschaft</subfield><subfield code="2">[midonas]</subfield></datafield><datafield tag="650" ind1=" " ind2="7"><subfield code="a">Handelsmarine</subfield><subfield code="2">[midonas]</subfield></datafield><datafield tag="650" ind1=" " ind2="7"><subfield code="a">Marine</subfield><subfield code="2">[midonas]</subfield></datafield><datafield tag="650" ind1=" " ind2="7"><subfield code="a">Kunst</subfield><subfield code="2">[midonas]</subfield></datafield><datafield tag="651" ind1=" " ind2="7"><subfield code="a">Grossbritannien</subfield><subfield code="2">[midonas]</subfield></datafield><datafield tag="700" ind1="1" ind2=" "><subfield code="a">Cooke, George</subfield></datafield><datafield tag="909" ind1=" " ind2=" "><subfield code="a">EOD</subfield><subfield code="2">BIG</subfield><subfield code="6">DIGI</subfield></datafield><datafield tag="945" ind1=" " ind2=" "><subfield code="a">1826</subfield><subfield code="b">1829</subfield></datafield><datafield tag="999" ind1=" " ind2=" "><subfield code="a">Volumen antiquum</subfield></datafield><datafield tag="AVD" ind1="0" ind2=" "><subfield code="b">12332010000001791</subfield><subfield code="g">41BIG</subfield><subfield code="d">https://thisisallfake.example.com/view/delivery/thumbnail/41BIG_INST/12332010000001791</subfield><subfield code="c">https://thisisallfake.example.com/delivery/DeliveryManagerServlet?dps_pid=12332010000001791</subfield><subfield code="s">1 file/s (pdf)</subfield></datafield></record>
</metadata></record>