<record><header><identifier>oai:urm_publish:9914746084101791</identifier><datestamp>2016-05-02T08:06:51Z</datestamp><setSpec>TESTING_DIGI_TEST</setSpec><setSpec>OAI_Sbib</setSpec><setSpec>TESTING_DIGI</setSpec><setSpec>EOD_BIG</setSpec></header><metadata xmlns:xsi="http://www.w3.org/2001/XMLSchema-instance">
<record xmlns="http://www.loc.gov/MARC21/slim" xmlns:xsi="http://www.w3.org/2001/XMLSchema-instance" xsi:schemaLocation="http://www.loc.gov/MARC21/slim http://www.loc.gov/standards/marcxml/schema/MARC21slim.xsd" ><leader>01134nas a2200265 a 4500</leader><controlfield tag="005">20160105114455.0</controlfield><controlfield tag="008">131110d18051844xxkuu p      f000  0eng d</controlfield><controlfield tag="001">9914746084101791</controlfield><datafield tag="035" ind1=" " ind2=" "><subfield code="a">vtls001474608-41big_inst</subfield></datafield><datafield tag="035" ind1=" " ind2=" "><subfield code="a">bv001474608</subfield></datafield><datafield tag="039" ind1=" " ind2="9"><subfield code="a">201209241135</subfield><subfield code="b">afabig</subfield><subfield code="c">201209031221</subfield><subfield code="d">afabig</subfield><subfield code="c">201206281804</subfield><subfield code="d">nadbig</subfield><subfield code="c">201206271618</subfield><subfield code="d">khubig</subfield><subfield code="y">201206211548</subfield><subfield code="z">big2</subfield></datafield><datafield tag="040" ind1=" " ind2=" "><subfield code="a">BiG</subfield><subfield code="c">BiG</subfield></datafield><datafield tag="245" ind1="0" ind2="2"><subfield code="a">A list of the flag officers and other commissioned officers of His Majesty's fleet</subfield><subfield code="h">[Periodicum] :</subfield><subfield code="b">with the dates of their respective commissions /</subfield><subfield code="c">Admiralty Office</subfield></datafield><datafield tag="246" ind1="1" ind2="8"><subfield code="a">Sea officers</subfield><subfield code="h">[Periodicum]</subfield></datafield><datafield tag="260" ind1=" " ind2=" "><subfield code="a">London :</subfield><subfield code="b">[s.n.],</subfield><subfield code="c">1805-1844</subfield></datafield><datafield tag="300" ind1=" " ind2=" "><subfield code="c">24 cm</subfield></datafield><datafield tag="362" ind1="0" ind2=" "><subfield code="a">1805-1844</subfield></datafield><datafield tag="501" ind1=" " ind2=" "><subfield code="a">Enthält auch: An alphabetical list of the post captains, commanders, and lieutenants, of His Majesty's fleet</subfield></datafield><datafield tag="710" ind1="1" ind2=" "><subfield code="a">Great Britain.</subfield><subfield code="b">Admiralty</subfield></datafield><datafield tag="740" ind1="3" ind2=" "><subfield code="a">An alphabetical list of the post captains, commanders, and lieutenants of His Majesty's fleet</subfield><subfield code="h">[Periodicum]</subfield></datafield><datafield tag="909" ind1=" " ind2=" "><subfield code="a">EOD</subfield><subfield code="2">BIG</subfield><subfield code="6">DIGI</subfield></datafield><datafield tag="910" ind1=" " ind2=" "><subfield code="2">BIG</subfield><subfield code="6">DIGI</subfield></datafield><datafield tag="999" ind1=" " ind2=" "><subfield code="a">kat05aerni</subfield><subfield code="b">20xy</subfield></datafield><datafield tag="999" ind1=" " ind2=" "><subfield code="a">volumen antiquum</subfield><subfield code="b">20xy</subfield></datafield><datafield tag="999" ind1=" " ind2=" "><subfield code="a">kat05per</subfield><subfield code="b">2012/06</subfield><subfield code="b">20xy</subfield></datafield><datafield tag="AVD" ind1="0" ind2=" "><subfield code="b">12333859760001791</subfield><subfield code="g">41BIG</subfield><subfield code="d">https://thisisallfake.example.com/view/delivery/thumbnail/41BIG_INST/12333859760001791</subfield><subfield code="e">A list of the flag officers and other commissioned officers of His Majesty's fleet with the dates of their respective commissions </subfield><subfield code="c">https://thisisallfake.example.com/delivery/DeliveryManagerServlet?dps_pid=12333859760001791</subfield><subfield code="s">1 file/s (pdf)</subfield></datafield></record>
</metadata></record>