<record><header><identifier>oai:urm_publish:9914746164101791</identifier><datestamp>2016-05-02T08:06:51Z</datestamp><setSpec>TESTING_DIGI_TEST</setSpec><setSpec>OAI_Sbib</setSpec><setSpec>TESTING_DIGI</setSpec><setSpec>EOD_BIG</setSpec></header><metadata xmlns:xsi="http://www.w3.org/2001/XMLSchema-instance">
<record xmlns="http://www.loc.gov/MARC21/slim" xmlns:xsi="http://www.w3.org/2001/XMLSchema-instance" xsi:schemaLocation="http://www.loc.gov/MARC21/slim http://www.loc.gov/standards/marcxml/schema/MARC21slim.xsd" ><leader>01042nam a2200229 a 4500</leader><controlfield tag="005">20150723133924.0</controlfield><controlfield tag="008">131110s1791    xxk           000 0deng d</controlfield><controlfield tag="001">9914746164101791</controlfield><datafield tag="035" ind1=" " ind2=" "><subfield code="a">vtls001474616-41big_inst</subfield></datafield><datafield tag="035" ind1=" " ind2=" "><subfield code="a">bv001474616</subfield></datafield><datafield tag="039" ind1=" " ind2="9"><subfield code="a">201209031217</subfield><subfield code="b">afabig</subfield><subfield code="c">201206281420</subfield><subfield code="d">khubig</subfield><subfield code="c">201206281355</subfield><subfield code="d">khubig</subfield><subfield code="c">201206281355</subfield><subfield code="d">khubig</subfield><subfield code="y">201206211634</subfield><subfield code="z">big2</subfield></datafield><datafield tag="040" ind1=" " ind2=" "><subfield code="a">BiG</subfield><subfield code="c">BiG</subfield></datafield><datafield tag="100" ind1="1" ind2=" "><subfield code="a">Chalkley, Thomas</subfield></datafield><datafield tag="245" ind1="1" ind2="2"><subfield code="a">A collection of the works of that ancient, faithful servant of Jesus Christ, Thomas Chalkley, who departed this life in the island of Tortola, the fourth day of the ninth month, 1741 ;</subfield><subfield code="b">to which is prefixed, A journal of his life, travels, and Christian experiences, written by himself</subfield></datafield><datafield tag="246" ind1="1" ind2="8"><subfield code="a">Works of Thomas Chalkley</subfield></datafield><datafield tag="250" ind1=" " ind2=" "><subfield code="a">5th ed.</subfield></datafield><datafield tag="260" ind1=" " ind2=" "><subfield code="a">London :</subfield><subfield code="b">J. Phillips,</subfield><subfield code="c">1791</subfield></datafield><datafield tag="300" ind1=" " ind2=" "><subfield code="a">VII, 601 S. ;</subfield><subfield code="c">22 cm</subfield></datafield><datafield tag="700" ind1="1" ind2=" "><subfield code="a">Chalkley, Thomas. -</subfield><subfield code="t">A journal of his life, travels, and Christian experiences, written by himself</subfield></datafield><datafield tag="909" ind1=" " ind2=" "><subfield code="a">EOD</subfield><subfield code="2">BIG</subfield><subfield code="6">DIGI</subfield></datafield><datafield tag="999" ind1=" " ind2=" "><subfield code="a">kat05aerni</subfield></datafield><datafield tag="999" ind1=" " ind2=" "><subfield code="a">volumen antiquum</subfield></datafield><datafield tag="AVD" ind1="0" ind2=" "><subfield code="b">12332019490001791</subfield><subfield code="g">41BIG</subfield><subfield code="d">https://thisisallfake.example.com/view/delivery/thumbnail/41BIG_INST/12332019490001791</subfield><subfield code="c">https://thisisallfake.example.com/delivery/DeliveryManagerServlet?dps_pid=12332019490001791</subfield><subfield code="s">1 file/s (pdf)</subfield></datafield></record>
</metadata></record>