<record><header><identifier>oai:urm_publish:9914747244101791</identifier><datestamp>2016-05-02T08:06:51Z</datestamp><setSpec>TESTING_DIGI_TEST</setSpec><setSpec>OAI_Sbib</setSpec><setSpec>TESTING_DIGI</setSpec><setSpec>EOD_BIG</setSpec></header><metadata xmlns:xsi="http://www.w3.org/2001/XMLSchema-instance">
<record xmlns="http://www.loc.gov/MARC21/slim" xmlns:xsi="http://www.w3.org/2001/XMLSchema-instance" xsi:schemaLocation="http://www.loc.gov/MARC21/slim http://www.loc.gov/standards/marcxml/schema/MARC21slim.xsd" ><leader>00752nam a2200217 a 4500</leader><controlfield tag="005">20150723133924.0</controlfield><controlfield tag="008">131110s1802    fr a          000 0cfre d</controlfield><controlfield tag="001">9914747244101791</controlfield><datafield tag="035" ind1=" " ind2=" "><subfield code="a">vtls001474724-41big_inst</subfield></datafield><datafield tag="035" ind1=" " ind2=" "><subfield code="a">bv001474724</subfield></datafield><datafield tag="039" ind1=" " ind2="9"><subfield code="y">201206221538</subfield><subfield code="z">khubig</subfield></datafield><datafield tag="040" ind1=" " ind2=" "><subfield code="a">BiG</subfield><subfield code="c">BiG</subfield></datafield><datafield tag="100" ind1="1" ind2=" "><subfield code="a">Cousin d'Avallon, Charles-Yves</subfield></datafield><datafield tag="245" ind1="1" ind2="0"><subfield code="a">Histoire des généraux Desaix et Kléber :</subfield><subfield code="b">avec des notes et remarques, suivie des anecdotes et pièces concernant ces deux généraux</subfield></datafield><datafield tag="260" ind1=" " ind2=" "><subfield code="a">Paris :</subfield><subfield code="b">Barba,</subfield><subfield code="c">an X (1802)</subfield></datafield><datafield tag="300" ind1=" " ind2=" "><subfield code="a">256 p. :</subfield><subfield code="b">ill. ;</subfield><subfield code="c">17 cm</subfield></datafield><datafield tag="500" ind1=" " ind2=" "><subfield code="a">Auteur: Charles-Yves Cousin d'Avallon</subfield></datafield><datafield tag="650" ind1=" " ind2="7"><subfield code="a">Biographien</subfield><subfield code="2">[midonas]</subfield></datafield><datafield tag="650" ind1=" " ind2="7"><subfield code="a">Napoleonische Kriege</subfield><subfield code="2">[midonas]</subfield></datafield><datafield tag="909" ind1=" " ind2=" "><subfield code="a">EOD</subfield><subfield code="2">BIG</subfield><subfield code="6">DIGI</subfield></datafield><datafield tag="945" ind1=" " ind2=" "><subfield code="a">1750</subfield><subfield code="b">1820</subfield></datafield><datafield tag="AVD" ind1="0" ind2=" "><subfield code="b">12332009790001791</subfield><subfield code="g">41BIG</subfield><subfield code="d">https://thisisallfake.example.com/view/delivery/thumbnail/41BIG_INST/12332009790001791</subfield><subfield code="c">https://thisisallfake.example.com/delivery/DeliveryManagerServlet?dps_pid=12332009790001791</subfield><subfield code="s">1 file/s (pdf)</subfield></datafield></record>
</metadata></record>