<record><header><identifier>oai:urm_publish:9914747254101791</identifier><datestamp>2016-05-02T08:06:51Z</datestamp><setSpec>TESTING_DIGI_TEST</setSpec><setSpec>OAI_Sbib</setSpec><setSpec>TESTING_DIGI</setSpec><setSpec>EOD_BIG</setSpec></header><metadata xmlns:xsi="http://www.w3.org/2001/XMLSchema-instance">
<record xmlns="http://www.loc.gov/MARC21/slim" xmlns:xsi="http://www.w3.org/2001/XMLSchema-instance" xsi:schemaLocation="http://www.loc.gov/MARC21/slim http://www.loc.gov/standards/marcxml/schema/MARC21slim.xsd" ><leader>01008nam a2200241 a 4500</leader><controlfield tag="005">20150723133924.0</controlfield><controlfield tag="008">131110s1801    sz a          000 0 ger d</controlfield><controlfield tag="001">9914747254101791</controlfield><datafield tag="035" ind1=" " ind2=" "><subfield code="a">vtls001474725-41big_inst</subfield></datafield><datafield tag="035" ind1=" " ind2=" "><subfield code="a">bv001474725</subfield></datafield><datafield tag="039" ind1=" " ind2="9"><subfield code="a">201206261124</subfield><subfield code="b">khubig</subfield><subfield code="c">201206261119</subfield><subfield code="d">khubig</subfield><subfield code="c">201206221607</subfield><subfield code="d">khubig</subfield><subfield code="c">201206221600</subfield><subfield code="d">khubig</subfield><subfield code="y">201206221543</subfield><subfield code="z">khubig</subfield></datafield><datafield tag="040" ind1=" " ind2=" "><subfield code="a">Sz</subfield><subfield code="c">SAZ</subfield><subfield code="d">Sz</subfield></datafield><datafield tag="100" ind1="1" ind2=" "><subfield code="a">Zschokke, Heinrich</subfield></datafield><datafield tag="245" ind1="1" ind2="0"><subfield code="a">Geschichte vom Kampf und Untergang der schweizerischen Berg- und Waldkantone, besonders des alten eidsgenössischen Kantons Schwyz /</subfield><subfield code="c">von Heinrich Zschokke</subfield></datafield><datafield tag="260" ind1=" " ind2=" "><subfield code="a">Bern [etc.] :</subfield><subfield code="b">H. Gessner,</subfield><subfield code="c">1801</subfield></datafield><datafield tag="300" ind1=" " ind2=" "><subfield code="a">4 Bücher in 1 Bd. (362 S., [1] Bl. Taf., [1] Bl. Falttaf.) ;</subfield><subfield code="c">19 cm</subfield></datafield><datafield tag="650" ind1=" " ind2="7"><subfield code="a">Schweiz-Geschichte</subfield><subfield code="2">[midonas]</subfield></datafield><datafield tag="650" ind1=" " ind2="7"><subfield code="a">Napoleonische Kriege</subfield><subfield code="2">[midonas]</subfield></datafield><datafield tag="651" ind1=" " ind2="7"><subfield code="a">Schweiz</subfield><subfield code="2">[midonas]</subfield></datafield><datafield tag="651" ind1=" " ind2="7"><subfield code="a">Schwyz (Kanton)</subfield><subfield code="2">[midonas]</subfield></datafield><datafield tag="856" ind1="4" ind2="1"><subfield code="u">www.alexandria.admin.ch/BIG Bc1801.pdf</subfield><subfield code="z">Elektron. Kopie</subfield></datafield><datafield tag="909" ind1=" " ind2=" "><subfield code="a">EOD</subfield><subfield code="2">BIG</subfield><subfield code="6">DIGI</subfield></datafield><datafield tag="945" ind1=" " ind2=" "><subfield code="a">1798</subfield><subfield code="b">1801</subfield></datafield><datafield tag="AVD" ind1="0" ind2=" "><subfield code="b">12332009980001791</subfield><subfield code="g">41BIG</subfield><subfield code="d">https://thisisallfake.example.com/view/delivery/thumbnail/41BIG_INST/12332009980001791</subfield><subfield code="c">https://thisisallfake.example.com/delivery/DeliveryManagerServlet?dps_pid=12332009980001791</subfield><subfield code="s">1 file/s (pdf)</subfield></datafield><datafield tag="AVD" ind1="0" ind2=" "><subfield code="b">12329521540001791</subfield><subfield code="g">41BIG</subfield><subfield code="d">https://thisisallfake.example.com/view/delivery/thumbnail/41BIG_INST/12329521540001791</subfield><subfield code="e">BIG Bc1801</subfield><subfield code="c">https://thisisallfake.example.com/delivery/DeliveryManagerServlet?dps_pid=12329521540001791</subfield><subfield code="s">1 file/s (pdf)</subfield></datafield></record>
</metadata></record>