<record><header><identifier>oai:urm_publish:9914751684101791</identifier><datestamp>2016-05-02T08:06:51Z</datestamp><setSpec>TESTING_DIGI_TEST</setSpec><setSpec>OAI_Sbib</setSpec><setSpec>TESTING_DIGI</setSpec><setSpec>EOD_BIG</setSpec></header><metadata xmlns:xsi="http://www.w3.org/2001/XMLSchema-instance">
<record xmlns="http://www.loc.gov/MARC21/slim" xmlns:xsi="http://www.w3.org/2001/XMLSchema-instance" xsi:schemaLocation="http://www.loc.gov/MARC21/slim http://www.loc.gov/standards/marcxml/schema/MARC21slim.xsd" ><leader>00844nam a2200193 a 4500</leader><controlfield tag="005">20150723133924.0</controlfield><controlfield tag="008">131110s1745    xxk           000 0aeng d</controlfield><controlfield tag="001">9914751684101791</controlfield><datafield tag="035" ind1=" " ind2=" "><subfield code="a">vtls001475168-41big_inst</subfield></datafield><datafield tag="035" ind1=" " ind2=" "><subfield code="a">bv001475168</subfield></datafield><datafield tag="039" ind1=" " ind2="9"><subfield code="a">201209031220</subfield><subfield code="b">afabig</subfield><subfield code="c">201207021005</subfield><subfield code="d">khubig</subfield><subfield code="c">201206281415</subfield><subfield code="d">big2</subfield><subfield code="y">201206281358</subfield><subfield code="z">big2</subfield></datafield><datafield tag="040" ind1=" " ind2=" "><subfield code="a">BiG</subfield><subfield code="c">BiG</subfield></datafield><datafield tag="100" ind1="1" ind2=" "><subfield code="a">Dickinson, James</subfield></datafield><datafield tag="245" ind1="1" ind2="2"><subfield code="a">A journal of the life, travels, and labour of love in the work of the ministry, of that worthy elder, and faithful servant of Jesus Christ, James Dickinson, who departed this life on the 6th of the 3rd month 1741, in the 83rd year of his age</subfield></datafield><datafield tag="260" ind1=" " ind2=" "><subfield code="a">London :</subfield><subfield code="b">printed and sold by T. S. Raylton and L. Hinde at the Bible,</subfield><subfield code="c">1745</subfield></datafield><datafield tag="300" ind1=" " ind2=" "><subfield code="a">XXVII, 172 S. ;</subfield><subfield code="c">17 cm</subfield></datafield><datafield tag="909" ind1=" " ind2=" "><subfield code="a">EOD</subfield><subfield code="2">BIG</subfield><subfield code="6">DIGI</subfield></datafield><datafield tag="999" ind1=" " ind2=" "><subfield code="a">kat05aerni</subfield></datafield><datafield tag="999" ind1=" " ind2=" "><subfield code="a">volumen antiquum</subfield></datafield><datafield tag="AVD" ind1="0" ind2=" "><subfield code="b">12331960000001791</subfield><subfield code="g">41BIG</subfield><subfield code="d">https://thisisallfake.example.com/view/delivery/thumbnail/41BIG_INST/12331960000001791</subfield><subfield code="c">https://thisisallfake.example.com/delivery/DeliveryManagerServlet?dps_pid=12331960000001791</subfield><subfield code="s">1 file/s (pdf)</subfield></datafield></record>
</metadata></record>