<record><header><identifier>oai:urm_publish:9914751854101791</identifier><datestamp>2016-05-02T08:06:51Z</datestamp><setSpec>TESTING_DIGI_TEST</setSpec><setSpec>OAI_Sbib</setSpec><setSpec>TESTING_DIGI</setSpec><setSpec>EOD_BIG</setSpec></header><metadata xmlns:xsi="http://www.w3.org/2001/XMLSchema-instance">
<record xmlns="http://www.loc.gov/MARC21/slim" xmlns:xsi="http://www.w3.org/2001/XMLSchema-instance" xsi:schemaLocation="http://www.loc.gov/MARC21/slim http://www.loc.gov/standards/marcxml/schema/MARC21slim.xsd" ><leader>01427nam a2200301 a 4500</leader><controlfield tag="005">20150723133925.0</controlfield><controlfield tag="008">131110s1780    sz a          000 0 fre d</controlfield><controlfield tag="001">9914751854101791</controlfield><datafield tag="035" ind1=" " ind2=" "><subfield code="a">vtls001475185-41big_inst</subfield></datafield><datafield tag="035" ind1=" " ind2=" "><subfield code="a">bv001475185</subfield></datafield><datafield tag="039" ind1=" " ind2="9"><subfield code="a">201206281510</subfield><subfield code="b">acobig</subfield><subfield code="c">201206281455</subfield><subfield code="d">acobig</subfield><subfield code="y">201206281433</subfield><subfield code="z">acobig</subfield></datafield><datafield tag="040" ind1=" " ind2=" "><subfield code="a">Sz</subfield><subfield code="c">SAZ</subfield></datafield><datafield tag="100" ind1="1" ind2=" "><subfield code="a">Raynal, Guillaume-Thomas</subfield></datafield><datafield tag="245" ind1="1" ind2="0"><subfield code="a">Histoire philosophique et politique des établissemens et du commerce des Européens dans les deux Indes /</subfield><subfield code="c">Raynal</subfield></datafield><datafield tag="260" ind1=" " ind2=" "><subfield code="a">Genève :</subfield><subfield code="b">J.-L. Pellet,</subfield><subfield code="c">[1780]</subfield></datafield><datafield tag="300" ind1=" " ind2=" "><subfield code="a">[5] vol. :</subfield><subfield code="b">[grav. par N. de Launay e.a. d'après J.M. Moreau le Jeune e.a.] ;</subfield><subfield code="c">26 cm</subfield></datafield><datafield tag="505" ind1="0" ind2=" "><subfield code="a">Vol. 1: XVI, 742 p.</subfield></datafield><datafield tag="505" ind1="0" ind2=" "><subfield code="a">Vol. 2: VIII, 486 p.</subfield></datafield><datafield tag="505" ind1="0" ind2=" "><subfield code="a">Vol. 3: XVI, 630 p.</subfield></datafield><datafield tag="505" ind1="0" ind2=" "><subfield code="a">Vol. 4: VIII, 771 p.</subfield></datafield><datafield tag="505" ind1="0" ind2=" "><subfield code="a">Vol. [5]: Atlas de toutes les parties connues du globe terrestre, dressé pour l'Histoire philosophique et politique des établissemens et du commerce des Européens dans les deux Indes. - 22 p., 49 cartes</subfield></datafield><datafield tag="650" ind1=" " ind2="7"><subfield code="a">Atlanten</subfield><subfield code="2">[midonas]</subfield></datafield><datafield tag="650" ind1=" " ind2="7"><subfield code="a">Landkarten</subfield><subfield code="2">[midonas]</subfield></datafield><datafield tag="700" ind1="1" ind2=" "><subfield code="a">Moreau, Jean-Michel.</subfield></datafield><datafield tag="700" ind1="1" ind2=" "><subfield code="a">Launay, N. de</subfield></datafield><datafield tag="700" ind1="1" ind2=" "><subfield code="a">Raynal, Guillaume-Thomas. -</subfield><subfield code="t">Atlas de toutes les parties connues du globe terrestre, dressé pour l'Histoire philosophique et politique des établissemens et du commerce des Européens dans les deux Indes</subfield></datafield><datafield tag="909" ind1=" " ind2=" "><subfield code="a">EOD</subfield><subfield code="2">BIG</subfield><subfield code="6">DIGI</subfield></datafield><datafield tag="999" ind1=" " ind2=" "><subfield code="a">Volumen antiquum</subfield></datafield><datafield tag="AVD" ind1="0" ind2=" "><subfield code="b">12332139940001791</subfield><subfield code="g">41BIG</subfield><subfield code="d">https://thisisallfake.example.com/view/delivery/thumbnail/41BIG_INST/12332139940001791</subfield><subfield code="c">https://thisisallfake.example.com/delivery/DeliveryManagerServlet?dps_pid=12332139940001791</subfield><subfield code="s">1 file/s (pdf)</subfield></datafield></record>
</metadata></record>