<record><header><identifier>oai:urm_publish:9914752014101791</identifier><datestamp>2016-05-02T08:06:51Z</datestamp><setSpec>TESTING_DIGI_TEST</setSpec><setSpec>OAI_Sbib</setSpec><setSpec>TESTING_DIGI</setSpec><setSpec>EOD_BIG</setSpec></header><metadata xmlns:xsi="http://www.w3.org/2001/XMLSchema-instance">
<record xmlns="http://www.loc.gov/MARC21/slim" xmlns:xsi="http://www.w3.org/2001/XMLSchema-instance" xsi:schemaLocation="http://www.loc.gov/MARC21/slim http://www.loc.gov/standards/marcxml/schema/MARC21slim.xsd" ><leader>01303nas a2200385 a 4500</leader><controlfield tag="005">20160105114456.0</controlfield><controlfield tag="008">131110d17991822sz uu p       0    0ger d</controlfield><controlfield tag="001">9914752014101791</controlfield><datafield tag="035" ind1=" " ind2=" "><subfield code="a">vtls001475201-41big_inst</subfield></datafield><datafield tag="035" ind1=" " ind2=" "><subfield code="a">bv001475201</subfield></datafield><datafield tag="039" ind1=" " ind2="9"><subfield code="a">201209241136</subfield><subfield code="b">afabig</subfield><subfield code="c">201206281620</subfield><subfield code="d">nadbig</subfield><subfield code="y">201206281608</subfield><subfield code="z">nadbig</subfield></datafield><datafield tag="040" ind1=" " ind2=" "><subfield code="a">BiG</subfield><subfield code="c">BiG</subfield></datafield><datafield tag="245" ind1="0" ind2="0"><subfield code="a">Helvetischer Almanach</subfield><subfield code="h">[Periodicum] :</subfield><subfield code="b">für das Jahr ...</subfield></datafield><datafield tag="246" ind1="1" ind2="3"><subfield code="a">Neu-Helvetischer Almanach</subfield><subfield code="h">[Periodicum]</subfield></datafield><datafield tag="246" ind1="1" ind2="3"><subfield code="a">Helvetischer Revolutionsalmanach</subfield><subfield code="h">[Periodicum]</subfield></datafield><datafield tag="260" ind1=" " ind2=" "><subfield code="a">Zürich :</subfield><subfield code="b">Orell Füssli,</subfield><subfield code="c">1799-1822</subfield></datafield><datafield tag="300" ind1=" " ind2=" "><subfield code="c">12 cm</subfield></datafield><datafield tag="362" ind1="0" ind2=" "><subfield code="a">1799-1822</subfield></datafield><datafield tag="500" ind1=" " ind2=" "><subfield code="a">Titel 1799: Neu-Helvetischer Almanach</subfield></datafield><datafield tag="500" ind1=" " ind2=" "><subfield code="a">Nebentitel 1799-1801: Helvetischer Revolutionsalmanach</subfield></datafield><datafield tag="580" ind1=" " ind2=" "><subfield code="a">Forts. von: Helvetischer Kalender</subfield></datafield><datafield tag="650" ind1=" " ind2="7"><subfield code="a">Handbücher</subfield><subfield code="2">[midonas]</subfield></datafield><datafield tag="650" ind1=" " ind2="7"><subfield code="a">Jahrbücher</subfield><subfield code="2">[midonas]</subfield></datafield><datafield tag="650" ind1=" " ind2="7"><subfield code="a">Chronik</subfield><subfield code="2">[midonas]</subfield></datafield><datafield tag="650" ind1=" " ind2="7"><subfield code="a">Helvetik</subfield><subfield code="2">[midonas]</subfield></datafield><datafield tag="650" ind1=" " ind2="7"><subfield code="a">Regierung</subfield><subfield code="2">[midonas]</subfield></datafield><datafield tag="650" ind1=" " ind2="7"><subfield code="a">Gesetz</subfield><subfield code="2">[midonas]</subfield></datafield><datafield tag="650" ind1=" " ind2="7"><subfield code="a">Geschichte</subfield><subfield code="2">[midonas]</subfield></datafield><datafield tag="650" ind1=" " ind2="7"><subfield code="a">Kunst</subfield><subfield code="2">[midonas]</subfield></datafield><datafield tag="650" ind1=" " ind2="7"><subfield code="a">Geographie</subfield><subfield code="2">[midonas]</subfield></datafield><datafield tag="651" ind1=" " ind2="7"><subfield code="a">Schweiz</subfield><subfield code="2">[midonas]</subfield></datafield><datafield tag="780" ind1="1" ind2="0"><subfield code="t">Helvetischer Kalender</subfield></datafield><datafield tag="909" ind1=" " ind2=" "><subfield code="a">EOD</subfield><subfield code="2">BIG</subfield><subfield code="6">DIGI</subfield></datafield><datafield tag="910" ind1=" " ind2=" "><subfield code="2">BIG</subfield><subfield code="6">DIGI</subfield></datafield><datafield tag="999" ind1=" " ind2=" "><subfield code="a">kat05per</subfield><subfield code="b">2012/06</subfield></datafield><datafield tag="AVD" ind1="0" ind2=" "><subfield code="b">12329525260001791</subfield><subfield code="g">41BIG</subfield><subfield code="d">https://thisisallfake.example.com/view/delivery/thumbnail/41BIG_INST/12329525260001791</subfield><subfield code="e">Falk 1679 1801</subfield><subfield code="c">https://thisisallfake.example.com/delivery/DeliveryManagerServlet?dps_pid=12329525260001791</subfield><subfield code="s">4 file/s (pdf)</subfield></datafield></record>
</metadata></record>