<record><header><identifier>oai:urm_publish:9914756974101791</identifier><datestamp>2016-05-02T08:06:51Z</datestamp><setSpec>TESTING_DIGI_TEST</setSpec><setSpec>OAI_Sbib</setSpec><setSpec>TESTING_DIGI</setSpec><setSpec>EOD_BIG</setSpec></header><metadata xmlns:xsi="http://www.w3.org/2001/XMLSchema-instance">
<record xmlns="http://www.loc.gov/MARC21/slim" xmlns:xsi="http://www.w3.org/2001/XMLSchema-instance" xsi:schemaLocation="http://www.loc.gov/MARC21/slim http://www.loc.gov/standards/marcxml/schema/MARC21slim.xsd" ><leader>01177nam a2200277 a 4500</leader><controlfield tag="005">20150723133925.0</controlfield><controlfield tag="008">131110m1782uuuugw a          000 0dger d</controlfield><controlfield tag="001">9914756974101791</controlfield><datafield tag="035" ind1=" " ind2=" "><subfield code="a">vtls001475697-41big_inst</subfield></datafield><datafield tag="035" ind1=" " ind2=" "><subfield code="a">bv001475697</subfield></datafield><datafield tag="039" ind1=" " ind2="9"><subfield code="a">201209031222</subfield><subfield code="b">afabig</subfield><subfield code="c">201207051521</subfield><subfield code="d">khubig</subfield><subfield code="c">201207051519</subfield><subfield code="d">khubig</subfield><subfield code="c">201207051445</subfield><subfield code="d">khubig</subfield><subfield code="y">201207051402</subfield><subfield code="z">big2</subfield></datafield><datafield tag="040" ind1=" " ind2=" "><subfield code="a">BiG</subfield><subfield code="c">BiG</subfield></datafield><datafield tag="041" ind1="1" ind2=" "><subfield code="a">ger</subfield><subfield code="h">fre</subfield></datafield><datafield tag="100" ind1="1" ind2=" "><subfield code="a">Labat, Jean Baptiste</subfield></datafield><datafield tag="245" ind1="1" ind2="4"><subfield code="a">Des Pater Labat, aus dem Orden der Predigermönche, Reisen nach Westindien oder den im amerikanischen Meer liegenden Inseln /</subfield><subfield code="c">übers., auch mit nöthigen Anmerkungen und vollst. Registern versehen von Georg Friederich Casimir Schad</subfield></datafield><datafield tag="246" ind1="1" ind2="8"><subfield code="a">Labats Reisen</subfield></datafield><datafield tag="250" ind1=" " ind2=" "><subfield code="a">Nach der neuesten Pariser Ausg.</subfield></datafield><datafield tag="260" ind1=" " ind2=" "><subfield code="a">Nürnberg :</subfield><subfield code="b">G.N. Raspe,</subfield><subfield code="c">1782-</subfield></datafield><datafield tag="300" ind1=" " ind2=" "><subfield code="b">Ill. ;</subfield><subfield code="c">18 cm</subfield></datafield><datafield tag="500" ind1=" " ind2=" "><subfield code="a">Übers. von: Nouveau voyage aux isles de l'Amérique</subfield></datafield><datafield tag="505" ind1="0" ind2=" "><subfield code="a">Bd. 2: 1782. - 500 S.</subfield></datafield><datafield tag="700" ind1="1" ind2=" "><subfield code="a">Schad, Georg Friedrich Casimir</subfield></datafield><datafield tag="700" ind1="1" ind2=" "><subfield code="a">Labat, Jean Baptiste. -</subfield><subfield code="t">Nouveau voyage  aux isles de l'Amérique</subfield><subfield code="l">(deutsch)</subfield></datafield><datafield tag="909" ind1=" " ind2=" "><subfield code="a">EOD</subfield><subfield code="2">BIG</subfield><subfield code="6">DIGI</subfield></datafield><datafield tag="999" ind1=" " ind2=" "><subfield code="a">kat05aerni</subfield></datafield><datafield tag="999" ind1=" " ind2=" "><subfield code="a">volumen antiquum</subfield></datafield><datafield tag="AVD" ind1="0" ind2=" "><subfield code="b">12332129920001791</subfield><subfield code="g">41BIG</subfield><subfield code="d">https://thisisallfake.example.com/view/delivery/thumbnail/41BIG_INST/12332129920001791</subfield><subfield code="c">https://thisisallfake.example.com/delivery/DeliveryManagerServlet?dps_pid=12332129920001791</subfield><subfield code="s">1 file/s (pdf)</subfield></datafield></record>
</metadata></record>