<record><header><identifier>oai:urm_publish:9914757494101791</identifier><datestamp>2016-05-02T08:06:51Z</datestamp><setSpec>TESTING_DIGI_TEST</setSpec><setSpec>OAI_Sbib</setSpec><setSpec>TESTING_DIGI</setSpec><setSpec>EOD_BIG</setSpec></header><metadata xmlns:xsi="http://www.w3.org/2001/XMLSchema-instance">
<record xmlns="http://www.loc.gov/MARC21/slim" xmlns:xsi="http://www.w3.org/2001/XMLSchema-instance" xsi:schemaLocation="http://www.loc.gov/MARC21/slim http://www.loc.gov/standards/marcxml/schema/MARC21slim.xsd" ><leader>00671nam a2200205 a 4500</leader><controlfield tag="005">20150723133926.0</controlfield><controlfield tag="008">131110s1773    sz            000 0dfre d</controlfield><controlfield tag="001">9914757494101791</controlfield><datafield tag="035" ind1=" " ind2=" "><subfield code="a">vtls001475749-41big_inst</subfield></datafield><datafield tag="035" ind1=" " ind2=" "><subfield code="a">bv001475749</subfield></datafield><datafield tag="039" ind1=" " ind2="9"><subfield code="a">201209031218</subfield><subfield code="b">afabig</subfield><subfield code="c">201207121547</subfield><subfield code="d">khubig</subfield><subfield code="c">201207121510</subfield><subfield code="d">khubig</subfield><subfield code="c">201207051604</subfield><subfield code="d">big2</subfield><subfield code="y">201207051601</subfield><subfield code="z">big2</subfield></datafield><datafield tag="040" ind1=" " ind2=" "><subfield code="a">BiG</subfield><subfield code="c">BiG</subfield></datafield><datafield tag="100" ind1="0" ind2=" "><subfield code="a">Voltaire.</subfield></datafield><datafield tag="245" ind1="1" ind2="0"><subfield code="a">Fragments sur l'Inde, sur le général Lalli, et sur le comte de Morangiés</subfield></datafield><datafield tag="260" ind1=" " ind2=" "><subfield code="a">[Genève] :</subfield><subfield code="b">[s.n.],</subfield><subfield code="c">1773</subfield></datafield><datafield tag="300" ind1=" " ind2=" "><subfield code="a">VIII, 184 p. ;</subfield><subfield code="c">21 cm</subfield></datafield><datafield tag="500" ind1=" " ind2=" "><subfield code="a">Auteur: Voltaire</subfield></datafield><datafield tag="909" ind1=" " ind2=" "><subfield code="a">EOD</subfield><subfield code="2">BIG</subfield><subfield code="6">DIGI</subfield></datafield><datafield tag="999" ind1=" " ind2=" "><subfield code="a">kat05aerni</subfield></datafield><datafield tag="999" ind1=" " ind2=" "><subfield code="a">volumen antiquum</subfield></datafield><datafield tag="AVD" ind1="0" ind2=" "><subfield code="b">12332139960001791</subfield><subfield code="g">41BIG</subfield><subfield code="d">https://thisisallfake.example.com/view/delivery/thumbnail/41BIG_INST/12332139960001791</subfield><subfield code="c">https://thisisallfake.example.com/delivery/DeliveryManagerServlet?dps_pid=12332139960001791</subfield><subfield code="s">1 file/s (pdf)</subfield></datafield></record>
</metadata></record><resumptionToken>fakeresumptiontoken</resumptionToken></ListRecords></OAI-PMH>